2373 4033
125 230 159 266 2
240 215 482 268 CICERO'S
516 231 849 270 INFLUENCE
882 232 1036 270 UPON
1070 218 1446 271 AUGUSTINE’S
1478 233 1823 271 ORATORICAL
1855 232 2084 270 THEORY

126 385 235 437 him
277 387 484 438 neither
525 406 555 440 a
597 386 724 439 wise
765 388 996 450 teacher,
1038 388 1255 456 lacking
1295 390 1349 440 in
1392 389 1481 441 the
1523 405 1720 455 proper
1761 386 1999 455 training
2039 388 2200 454 along

127 469 410 524 rhetorical
449 471 596 532 lines,
635 490 736 524 nor
773 490 803 524 a
843 471 1153 539 loquacious
1190 474 1389 540 pedant
1430 472 1623 526 devoid
1659 473 1723 525 of
1761 473 1878 526 that
1916 473 2198 526 soberness

126 555 187 608 of
229 556 456 624 thought
497 558 604 609 and
646 557 809 624 depth
851 559 912 610 of
953 558 1180 612 wisdom
1222 559 1395 611 which
1436 576 1529 611 are
1573 569 1628 612 to
1670 559 1735 611 be
1778 559 2030 611 obtained
2070 559 2200 624 only

128 641 361 708 through
404 642 739 710 philosophy.
821 644 874 695 If
917 661 1018 696 one
1059 645 1119 696 of
1158 645 1247 696 the
1290 654 1399 696 two
1440 655 1584 696 must
1627 645 1690 696 be
1733 643 2025 710 neglected,
2071 644 2111 696 it
2154 643 2198 695 is

126 724 430 791 preferable
476 726 565 778 for
607 726 697 780 the
738 726 1112 780 ecclesiastical
1157 738 1342 781 orator
1387 739 1441 781 to
1486 746 1700 795 possess
1746 729 1973 781 wisdom
2019 728 2200 781 rather

124 810 253 861 than
282 812 587 877 eloquence.
657 812 761 865 But
797 813 885 865 far
914 814 1085 866 better
1117 814 1160 867 is
1192 815 1229 866 it
1262 814 1375 866 that
1406 815 1472 866 he
1504 813 1695 867 should
1728 832 1938 880 possess
1974 813 2201 866 wisdom

123 895 229 947 and
264 896 569 963 eloquence,
608 897 735 948 both
775 897 826 948 in
863 898 1211 950 harmonicus
1247 897 1626 960 combination,
1666 899 1811 951 since
1848 899 1888 950 it
1925 899 1969 950 is
2007 898 2058 950 in
2096 897 2202 949 this

130 998 245 1047 way
274 982 400 1047 only
431 982 544 1033 that
575 982 640 1035 he
671 999 769 1033 can
799 981 966 1034 attain
998 1001 1148 1034 more
1180 985 1363 1050 nearly
1395 993 1450 1035 to
1480 983 1796 1049 perfectiori.

234 1065 395 1131 Upon
442 1066 547 1117 this
596 1067 965 1118 fundamental
1012 1068 1344 1133 conception,
1391 1069 1506 1119 that
1551 1069 1611 1119 of
1656 1068 1745 1120 the
1789 1067 2097 1134 employing
2139 1066 2200 1119 of

128 1148 444 1215 philosophy
476 1151 581 1201 and
619 1151 888 1207 rhetoriC.³
922 1169 983 1203 or
1016 1152 1067 1202 in
1103 1151 1190 1203 the
1223 1169 1342 1203 case
1375 1152 1435 1204 of
1469 1153 1557 1205 the
1590 1152 1967 1204 ecclesiastical
2002 1162 2202 1213 orator,

133 1233 426 1300 Scripture,
470 1234 643 1286 which
687 1236 871 1286 stands
914 1236 965 1286 in
1009 1237 1096 1288 the
1139 1253 1283 1286 same
1326 1237 1552 1288 relation
1591 1246 1646 1288 to
1688 1237 1777 1288 the
1818 1236 2199 1288 ecclesiastical

126 1326 310 1370 orator
342 1336 401 1369 as
435 1318 751 1385 philosophy
786 1321 913 1371 does
947 1328 1002 1372 to
1037 1320 1126 1371 the
1162 1320 1298 1371 ideal
1333 1329 1518 1372 orator
1553 1320 1614 1372 of
1651 1319 1858 1381 Cicero,
1895 1319 2200 1388 Augustine

127 1412 425 1454 constructs
462 1404 542 1456 his
578 1403 746 1456 entire
782 1405 970 1470 theory
1003 1406 1066 1456 of
1103 1405 1478 1457 ecclesiastical
1515 1406 1815 1458 education.
1892 1405 1954 1457 In
1992 1406 2098 1458 this
2134 1405 2201 1458 he

131 1487 342 1540 follows
371 1489 576 1550 CicerO,
605 1490 725 1541 who
756 1489 1096 1557 recognizing
1122 1490 1210 1542 the
1239 1490 1439 1557 futility
1466 1492 1573 1543 and
1601 1491 1691 1543 the
1715 1491 1995 1557 absurdity
2021 1492 2083 1543 of
2110 1491 2201 1544 the

128 1574 420 1638 respective
459 1573 642 1626 claims
682 1576 741 1627 of
779 1576 1098 1642 philosophy
1137 1577 1242 1628 and
1286 1576 1517 1628 rhetoric
1560 1576 1715 1628 when
1756 1577 2011 1648 divorced
2055 1577 2202 1629 from

128 1660 258 1710 each
289 1660 457 1720 other,
490 1660 826 1712 endeavored
859 1671 913 1712 to
944 1662 1090 1712 unite
1122 1662 1211 1713 the
1244 1671 1350 1713 two
1384 1662 1435 1712 in
1467 1663 1555 1714 the
1587 1663 1824 1728 training
1853 1664 1912 1714 of
1945 1662 2028 1714 his
2061 1660 2202 1715 ideal

128 1753 325 1795 orator.
404 1745 465 1794 In
505 1744 585 1795 De
629 1743 777 1796 Orat.
828 1745 928 1806 III,
970 1759 1052 1811 35,
1098 1761 1268 1810 142·3,
1311 1745 1500 1798 Cicero
1543 1765 1691 1812 says:
1755 1747 1913 1798 Nunc
1957 1748 2068 1799 sive
2111 1748 2202 1812 qui

129 1829 269 1879 volet
295 1846 416 1880 eum
446 1829 838 1894 philosophum,
867 1831 956 1895 qui
986 1831 1194 1895 copiam
1223 1831 1376 1882 nobis
1405 1849 1580 1882 rerum
1608 1831 1975 1897 orationisque
2004 1832 2199 1892 tradat,

128 1929 222 1978 per
253 1930 338 1964 me
368 1913 595 1978 appellet
627 1924 895 1965 oratorem
930 1915 1079 1974 licet;
1115 1915 1226 1965 sive
1258 1916 1399 1966 hunc
1434 1924 1720 1976 oratorem,
1753 1933 1912 1981 quern
1947 1933 2045 1982 ego
2079 1916 2200 1968 dico

128 1995 442 2061 sapientiam
467 1998 704 2049 iunctam
726 1998 921 2050 habere
946 1999 1296 2063 eloquentiae,
1322 1999 1700 2066 philosophum
1728 2001 1998 2065 appellare
2022 1999 2199 2061 malet,

129 2099 232 2133 non
263 2082 576 2147 impediam;
603 2083 896 2135 dummodo
921 2085 1021 2135 hoc
1049 2093 1270 2144 constet,
1299 2102 1469 2150 neque
1497 2085 1782 2136 infantiam
1807 2087 1939 2147 eiuS,
1967 2084 2057 2151 qui
2086 2103 2199 2137 rem

128 2167 284 2227 norit,
315 2168 406 2218 sed
435 2185 553 2218 eam
580 2166 848 2232 explicare
877 2169 1102 2220 dicendo
1133 2185 1238 2219 non
1268 2179 1443 2233 queat,
1474 2185 1646 2235 neque
1676 2170 2013 2222 inscientiam
2042 2171 2200 2232 illius,

129 2252 214 2302 cui
257 2270 338 2303 res
379 2269 484 2304 non
526 2263 788 2318 suppetat,
831 2254 993 2304 verba
1035 2271 1140 2305 non
1182 2255 1372 2314 desint,
1415 2273 1530 2306 esse
1571 2255 1926 2316 laudandam;
1968 2273 2199 2322 quorum

127 2468 278 2513 potest
310 2459 541 2505 delectare
574 2461 782 2505 dicendo.
848 2461 997 2506 Porro
1029 2462 1105 2515 qui
1140 2477 1233 2505 non
1269 2463 1417 2506 solum
1453 2463 1697 2516 sapienter,
1731 2479 1895 2508 verum
1929 2464 2068 2509 etiam
2105 2465 2199 2509 elo-

128 2540 322 2585 quenter
356 2532 455 2576 vult
492 2532 658 2584 dicere,
695 2532 913 2586 quoniam
951 2533 1169 2587 profecto
1206 2534 1309 2586 plus
1346 2535 1569 2587 proderit,
1608 2536 1643 2579 si
1681 2543 1930 2590 utrumque
1967 2536 2196 2589 potuerit;

128 2602 187 2647 ad
223 2602 443 2655 legendos
480 2605 551 2647 vel
589 2604 846 2649 audiendos
883 2614 926 2650 et
963 2606 1295 2650 exercitatione
1335 2606 1583 2650 imitandos
1621 2606 1889 2660 eloquentes
1925 2622 2029 2653 eum
2068 2608 2202 2653 mitto

122 2671 352 2725 libentius,
387 2687 525 2727 quam
559 2673 799 2728 magistris
832 2674 944 2719 artis
981 2675 1240 2721 rhetoricae
1275 2690 1442 2720 vacare
1476 2677 1737 2730 praecipio;
1790 2677 1826 2721 si
1863 2685 2019 2721 tamen
2055 2678 2086 2722 ii
2120 2677 2201 2732 qui

128 2743 346 2798 leguntur
374 2754 417 2789 et
448 2744 715 2798 audiuntur,
744 2760 837 2790 non
871 2747 1020 2790 solum
1052 2747 1335 2801 eloquenter,
1367 2749 1446 2791 sed
1478 2748 1618 2792 etiam
1651 2748 1884 2802 sapienter
1916 2749 2093 2793 dixisse
2124 2749 2199 2794 vel

124 2814 277 2860 dicere
305 2816 459 2860 veraci
488 2816 833 2870 praedicatione
862 2817 1125 2862 laudantur.
1186 2818 1280 2872 Qui
1310 2819 1431 2864 enim
1462 2820 1732 2874 eloquenter
1762 2820 1934 2871 dicunt,
1970 2820 2200 2873 suaviter:

128 2887 204 2941 qui
238 2886 484 2940 sapienter,
518 2887 765 2933 salubriter
796 2889 1062 2933 audiuntur.
1126 2889 1325 2943 Propter
1359 2890 1483 2944 quod
1517 2905 1610 2935 non
1645 2891 1709 2935 ait
1744 2890 1998 2945 Scriptura,
2035 2891 2199 2936 Multi·

128 2957 241 3003 tudo
282 2958 618 3011 eloquentium:
664 2960 755 3012 sed,
796 2960 1080 3006 “Multitudo
1122 2962 1396 3015 sapientium
1439 2963 1613 3007 sanitas
1653 2970 1721 3007 est
1762 2962 1888 3008 orbis
1928 2962 2200 3009 terrarum.”

132 3027 260 3073 Sicut
295 3037 448 3073 autern
485 3044 620 3083 saepe
656 3030 879 3074 sumenda
917 3039 1021 3075 sunt
1058 3039 1102 3077 et
1134 3046 1294 3077 amara
1331 3032 1546 3084 salubria,
1584 3032 1648 3077 ita
1685 3041 1878 3087 semper‘
1902 3032 2093 3077 vitanda
2129 3042 2199 3078 est

129 3098 389 3152 perniciosa
419 3100 627 3144 dulcedo,
689 3101 780 3145 Sed
812 3102 983 3145 salubri
1016 3102 1259 3155 suavitate,
1288 3104 1361 3147 vel
1396 3104 1526 3148 suavi
1558 3103 1829 3149 salubritate
1858 3103 1970 3158 quid
1999 3103 2197 3149 melius?

130 3168 320 3223 Quanto
351 3171 473 3216 enim
504 3171 653 3226 magis
686 3172 776 3217 illic
808 3173 1040 3226 appetitur
1073 3173 1291 3226 suavitaS,
1325 3182 1456 3219 tanto
1493 3174 1677 3219 facilius
1712 3174 1960 3220 salubritas
1993 3175 2196 3229 prodest.

128 3239 247 3285 Sunt
270 3255 385 3295 ergo
407 3242 703 3288 ecclesiastici
730 3243 818 3287 viri
843 3245 921 3298 qui
948 3243 1106 3289 divina
1132 3244 1314 3299 eloquia
1338 3259 1431 3289 non
1451 3246 1601 3290 solum
1621 3246 1865 3299 sapienter,
1884 3246 1965 3291 sed
1982 3246 2202 3300 eloquen-

130 3318 201 3356 ter
247 3312 385 3356 etiam
429 3321 771 3358 tractaverunt:
819 3314 985 3368 quibus
1031 3316 1240 3368 legendis
1283 3316 1435 3370 magis
1480 3331 1571 3361 non
1620 3316 1784 3362 sufficit
1830 3325 2012 3371 tempus
2058 3332 2197 3372 quam

130 3381 291 3428 deesse
323 3383 408 3437 ipsi
440 3384 730 3429 studentibus
759 3393 802 3429 et
832 3386 1104 3430 vacantibus
1133 3395 1341 3440 possunt.

236 3463 323 3511 ⁸D.
354 3467 411 3512 D.
443 3467 492 3513 C.
527 3468 559 3518 Ι.
595 3482 638 3513 1:
709 3469 839 3514 Duae
871 3479 977 3515 sunt
1010 3485 1080 3515 res
1109 3470 1275 3525 quibus
1306 3471 1471 3516 nititur
1500 3471 1654 3517 omnis
1686 3473 1902 3518 tractatio
1936 3472 2199 3527 Scriptura-

128 3550 255 3581 rum:
308 3536 479 3584 modus
517 3539 780 3585 inveniendi
818 3554 936 3595 quae
976 3540 1277 3596 intelligenda
1317 3548 1438 3595 sunt,
1477 3550 1523 3587 et
1558 3540 1728 3587 modus
1766 3541 2043 3596 proferendi
2081 3556 2201 3598 quae

133 3607 365 3655 intellecta
398 3617 517 3654 sunt.
