2373 4033
541 99 915 151 AUGUSTINE'S
951 114 1113 149 IDEAL
1149 114 1607 152 ECCLESIASTICAL
1643 116 1854 154 ORATOR
2169 121 2229 171 13

168 278 393 336 quenter
426 277 485 320 ut
518 269 688 335 prosit
723 268 1078 330 audientibuS,
1116 269 1322 320 etiamsi
1361 270 1538 321 minus
1576 287 1735 336 quarn
1769 272 2062 337 prodesset,
2101 273 2145 325 si
2178 282 2232 326 et

169 355 478 420 eloquenter
501 362 681 418 posset
707 354 897 403 dicere.
961 353 1070 418 Qui
1096 370 1223 404 vero
1250 353 1415 404 affluit
1443 354 1710 419 insipienti
1739 356 2054 420 eloquentia,
2082 366 2232 409 tanto

168 439 338 504 magis
376 437 646 488 cavendus
683 446 778 497 est,
817 445 1016 502 quanto
1052 437 1223 502 magis
1258 437 1325 487 ab
1361 454 1423 488 eo
1460 439 1513 487 in
1551 439 1613 489 iis
1651 456 1787 503 quae
1822 439 2010 491 audire
2046 441 2232 492 inutile

169 531 263 583 est,
299 522 596 573 delectatur
629 521 857 580 auditor,
893 529 943 570 et
979 537 1100 570 cum
1139 521 1390 585 quoniam
1427 521 1622 572 diserte
1658 523 1835 573 dicere
1870 524 2034 585 audit,
2073 526 2232 576 etiam

165 623 291 657 vere
312 605 488 656 dicere
511 605 798 655 existimat.
857 605 1009 654 Haec
1032 613 1211 654 autem
1232 605 1494 655 sententia
1515 621 1611 656 nec
1635 606 1751 656 illos
1776 607 1929 671 fugit,
1954 608 2043 672 qui
2065 617 2235 659 artem

166 688 490 740 rhetoricam
532 687 831 738 docendam
875 694 1163 752 putarunt:
1230 688 1362 738 fassi
1407 698 1530 739 sunt
1575 689 1716 739 enim
1762 688 2075 755 sapientiam
2124 695 2236 743 sine

167 772 470 836 eloquentia
503 787 694 837 parum
729 771 985 835 prodesse
1021 770 1354 833 civitatibus;
1386 772 1749 836 eloquentiam
1782 790 1910 825 vero
1948 773 2059 826 sine
2096 773 2233 840 sapi-

169 858 310 908 entia
349 857 573 907 nimium
610 857 797 907 obesse
834 856 1164 921 plerumque,
1204 856 1459 920 prodesse
1498 874 1787 922 nunquam.
1867 858 1923 910 Si
1965 876 2092 924 ergo
2133 860 2233 910 hoc

166 941 241 991 illi
272 942 361 1005 qui
394 948 676 1005 praecepta
708 941 1039 1004 eloquentiae
1072 940 1425 1001 tradiderunt,
1458 942 1510 991 in
1543 942 1743 992 eisdem
1777 941 1923 993 libris
1957 942 2010 993 in
2044 944 2235 1007 quibus

168 1025 221 1075 id
256 1032 494 1091 egerunt,
527 1024 753 1076 veritate
789 1023 1074 1090 instigante
1110 1025 1280 1075 coacti
1315 1033 1438 1075 sunt
1474 1024 1731 1086 confiteri,
1766 1043 1965 1089 veram,
2004 1026 2105 1078 hoc
2140 1036 2235 1089 est,

167 1126 454 1174 supernam
490 1126 625 1174 quae
661 1127 691 1161 a
732 1109 891 1161 Patre
928 1110 1190 1160 luminum
1228 1110 1517 1169 descendit,
1559 1110 1873 1174 sapientiam
1912 1112 2236 1174 nescientes;

167 1200 368 1257 quanto
403 1194 573 1259 magis
612 1211 708 1244 nos
748 1211 854 1244 non
892 1193 1037 1244 aliud
1076 1193 1271 1245 sentire
1310 1193 1579 1255 debemuS,
1618 1194 1707 1258 qui
1747 1192 1904 1246 huius
1945 1195 2236 1260 sapientiae

169 1279 261 1329 filii
285 1288 336 1329 et
358 1277 588 1329 ministri
614 1278 833 1329 sumus?
900 1278 993 1343 (D.
1020 1279 1088 1328 D.
1117 1278 1171 1328 C.
1202 1278 1297 1339 IV,
1327 1291 1370 1342 5.
1395 1279 1472 1344 7.)

273 1374 415 1426 That
457 1374 565 1427 this
613 1373 942 1439 conception,
987 1374 1193 1441 though
1238 1393 1269 1426 a
1313 1376 1524 1426 natural
1568 1392 1687 1437 one,
1735 1375 1776 1427 is
1827 1377 2044 1428 derived
2093 1377 2239 1429 from

168 1458 374 1520 Cicer0,
419 1476 500 1510 we
542 1459 802 1510 conclude
843 1477 913 1511 on
957 1459 1270 1525 comparing
1315 1460 1354 1510 it
1395 1460 1526 1510 with
1568 1461 1657 1511 the
1702 1460 2007 1527 following:
2087 1461 2240 1513 Haec

170 1551 350 1594 autem
383 1544 571 1604 orati0,
609 1544 651 1594 si
686 1560 770 1594 res
806 1561 913 1594 non
949 1543 1130 1594 subest
1164 1544 1228 1594 ab
1263 1553 1478 1595 oratore
1511 1554 1760 1609 percepta
1797 1554 1847 1596 et
1884 1545 2111 1612 cognita,
2148 1554 2240 1596 aut

166 1628 311 1679 nulla
344 1629 411 1679 sit
442 1646 656 1679 necesse
689 1638 768 1680 est
798 1638 890 1680 aut
920 1629 1161 1680 omnium
1192 1629 1437 1680 irrisione
1470 1630 1735 1681 laudatur.
1806 1629 1953 1694 Quid
1987 1640 2065 1683 est
2098 1630 2239 1682 enim

170 1721 280 1763 tam
308 1713 590 1773 furiosum,
619 1729 779 1777 quam
805 1713 1093 1763 verborum
1120 1712 1205 1763 vel
1233 1713 1560 1777 optimorum
1587 1722 1746 1779 atque
1774 1714 2242 1765 ornatissimorum

173 1795 378 1847 sonitus
424 1797 611 1857 inanis,
657 1797 803 1847 nulla
848 1797 1085 1848 subiecta
1131 1797 1392 1848 sententia
1437 1814 1534 1848 nec
1580 1798 1834 1849 scientia?
1927 1798 2037 1863 (De
2087 1798 2235 1850 Ora-t.

174 1880 215 1941 I,
253 1895 329 1931 12.
356 1882 466 1946 50.)
541 1881 720 1946 Again
753 1881 806 1931 in
841 1894 933 1946 53:
968 1881 1106 1947 Quis
1140 1882 1280 1931 enirn
1313 1881 1482 1932 nescit
1516 1882 1808 1932 maximam
1840 1882 1949 1933 vim
1983 1883 2242 1934 exsistere

167 1965 399 2016 oratoris
441 1964 495 2015 in
535 1963 812 2016 hominum
851 1966 1118 2017 mentibus
1159 1965 1242 2017 vel
1283 1966 1354 2017 ad
1393 1967 1530 2017 iram
1569 1975 1662 2018 aut
1703 1967 1772 2018 ad
1811 1966 1997 2017 odium
2038 1975 2129 2018 aut
2171 1968 2239 2018 ad

174 2050 413 2101 dolorem
451 2051 736 2101 incitandis
772 2050 857 2100 vel
893 2051 958 2102 ab
994 2051 1140 2100 hisce
1177 2049 1366 2101 iisdem
1401 2050 1823 2116 permotionibus
1863 2053 1931 2102 ad
1970 2052 2241 2103 lenitatem

169 2133 700 2198 misericordiamque
751 2135 1101 2186 revocandis?
1185 2134 1354 2199 Quae,
1406 2136 1507 2186 nisi
1558 2136 1648 2200 qui
1696 2144 1914 2187 naturas
1964 2135 2241 2187 hominum

173 2218 388 2283 vimque
407 2236 623 2269 omnem
644 2219 992 2269 humanitatis
1016 2234 1311 2284 causasque
1334 2236 1438 2279 eas,
1463 2220 1654 2284 quibus
1677 2228 1880 2271 mentes
1904 2229 1996 2271 aut
2018 2219 2242 2270 incitan-

174 2311 263 2353 tur
285 2312 377 2354 aut
400 2303 763 2363 reflectuntur,
788 2303 999 2368 penitus
1023 2303 1373 2368 perspexerit,
1400 2304 1627 2355 dic—endo
1651 2304 1795 2369 quod
1819 2304 1961 2354 volet
1986 2304 2242 2369 perficere

169 2404 278 2438 non
303 2388 513 2452 poterit.

497 2596 658 2645 KIND
682 2612 750 2648 oF
775 2597 1023 2647 WISDOM
1055 2598 1386 2649 NECESSARY
1412 2613 1513 2648 FOR
1539 2613 1658 2647 THE
1685 2598 1916 2650 ORATOR

280 2707 419 2758 Now
450 2715 505 2759 to
537 2707 701 2772 speak
730 2706 859 2758 with
890 2707 1131 2770 wisdom,
1163 2709 1367 2775 though
1399 2711 1437 2760 it
1467 2710 1530 2762 be
1560 2709 1787 2761 without
1818 2709 2121 2773 eloquence,
2153 2708 2242 2760 the

173 2790 496 2843 ecclesiastic
522 2801 708 2843 orator
739 2793 928 2844 should
962 2792 1131 2845 retain
1160 2794 1248 2846 the
1280 2803 1435 2846 exact
1466 2795 1644 2846 words
1671 2794 1734 2845 of
1769 2794 2043 2858 Scripture
2075 2795 2128 2844 in
2160 2791 2240 2844 his

172 2893 427 2941 memory,
459 2895 517 2928 as
551 2878 667 2928 well
700 2894 756 2928 as
789 2895 820 2928 a
851 2879 983 2942 deep
1016 2879 1329 2945 knowledge
1363 2879 1423 2930 ot'
1458 2877 1594 2930 their
1626 2879 1888 2945 meaning,
1927 2878 2016 2930 for
2050 2879 2103 2929 in
2135 2877 2237 2929 this

173 2978 292 3026 way
331 2961 371 3013 it
408 2961 450 3012 is
488 2962 719 3026 possible
757 2971 812 3013 to
850 2963 957 3014 add
995 2980 1024 3013 a
1065 2963 1303 3014 richness
1341 2972 1395 3015 to
1434 2965 1515 3015 his
1557 2964 1763 3028 speech,
1805 2963 1994 3024 which,
2036 2962 2239 3029 though

172 3045 458 3097 otherwise
496 3063 645 3111 poor,
687 3045 794 3097 will
833 3046 953 3113 give
994 3048 1032 3098 it
1072 3066 1102 3099 a
1141 3049 1382 3112 pleasant
1421 3048 1582 3100 effect
1621 3050 1673 3099 in
1711 3049 1803 3098 the
1841 3047 2017 3099 minds
2056 3048 2118 3099 of
2159 3047 2240 3099 his

176 3131 407 3182 hearers.
470 3132 775 3197 Augustine
802 3133 856 3182 in
880 3134 1112 3198 treating
1136 3133 1240 3184 this
1267 3135 1430 3198 phase
1456 3135 1515 3184 of
1541 3134 1628 3184 the
1656 3133 1880 3198 subject,
1909 3134 1960 3183 in
1985 3133 2050 3182 D.
2082 3133 2147 3182 D.
2180 3132 2235 3183 C.

177 3215 274 3275 IV,
315 3228 359 3280 5.
382 3215 428 3276 8,
468 3233 618 3281 says:
692 3216 837 3267 Huic
876 3232 1002 3282 ergo
1040 3217 1128 3282 qui
1170 3219 1437 3282 sapienter
1475 3218 1629 3268 debet
1668 3217 1859 3277 dicere,
1896 3217 2059 3268 etiam
2098 3216 2240 3281 quod

172 3316 278 3349 non
322 3307 496 3362 potest
539 3300 862 3364 eloquenter,
906 3302 1068 3352 verba
1116 3301 1518 3366 Scripturarum
1560 3310 1739 3352 tenere
1785 3301 2017 3352 maxime
2062 3318 2240 3351 neces-

177 3380 377 3433 sarium
411 3392 504 3434 est.
573 3384 793 3449 Quanto
826 3385 966 3436 enim
997 3403 1051 3436 se
1083 3386 1456 3451 pauperiorem
1490 3386 1658 3435 cernit
1692 3385 1743 3434 in
1778 3384 1902 3445 suis,
1935 3393 2085 3435 tanto
2119 3401 2240 3434 eum

175 3474 385 3530 oportet
426 3465 477 3517 in
519 3467 632 3519 istis
674 3486 789 3520 esse
831 3469 1107 3531 ditiorem;
1148 3479 1206 3520 ut
1247 3470 1390 3534 quod
1433 3469 1630 3520 dixerit
1670 3469 1778 3520 suis
1821 3468 2011 3531 verbis,
2053 3467 2240 3532 probet
