2373 4033
615 95 732 130 THE
761 95 948 130 GRAND
978 95 1161 142 STYLE,
1191 95 1258 130 OR
1289 94 1528 131 GRANDIS
1559 96 1743 131 DICTIO
2145 98 2210 148 23

151 260 210 301 ut
239 258 431 310 teneat,
462 267 650 300 verum
679 249 838 300 etiam
870 249 1080 300 flectere
1111 258 1169 300 ut
1199 249 1393 300 vincat.
1462 249 1583 314 Ipse
1614 249 1809 314 quippe
1841 250 1945 300 iam
1978 258 2215 300 remanet

150 335 218 385 ad
259 332 668 385 consensionem
706 333 997 384 flectendus
1037 333 1369 397 eloquentiae
1409 333 1728 400 granditate,
1771 334 1824 384 in
1866 350 1971 397 quo
2013 334 2066 384 id
2108 350 2213 384 non

153 419 258 486 egit
283 435 451 483 usque
477 419 546 470 ad
572 418 690 483 ejus
716 418 1112 469 confessionem
1139 418 1504 468 demonstrata
1529 418 1744 480 veritaS,
1773 418 2029 484 adjuncta
2057 417 2217 470 etiam

153 503 416 556 suavitate
447 501 708 554 dictionis

258 589 410 639 With
437 588 542 639 this
569 587 884 652 conception
913 586 1102 638 Cicero
1131 587 1174 636 is
1201 586 1254 635 in
1280 587 1488 650 perfect
1517 587 1795 652 harmony.
1860 589 1923 637 In
1951 588 2033 637 De
2064 587 2214 639 Orat.

153 672 223 734 11,
252 671 333 723 82.
361 684 478 736 337,
507 673 572 722 he
602 688 750 735 says:
816 670 884 721 Et
913 686 1237 734 quamquam
1265 688 1370 720 una
1402 670 1516 721 fere
1545 671 1625 721 vis
1655 679 1734 721 est
1763 672 2108 735 eloquentiae,
2140 681 2216 723 ta-

150 774 270 806 men
304 756 427 818 quia
461 771 667 805 summa
701 754 930 819 dignitas
965 763 1043 804 est
1075 755 1272 817 populi,
1308 755 1625 819 gravissima
1659 770 1819 805 causa
1855 756 1926 805 rei
1961 755 2216 819 publicae,

148 838 371 889 maximi
397 846 574 888 motus
599 835 973 897 multitudinis,
1001 853 1168 902 genus
1194 853 1405 901 quoque
1430 834 1642 887 dicendi
1668 836 1924 901 grandius
1951 837 2223 901 quoddam

153 931 203 973 et
246 920 503 973 illustrius
546 939 660 972 esse
704 920 1069 972 adhibendum
1108 921 1349 982 videtur;
1410 920 1751 984 maximaque
1794 937 1918 985 pars
1963 920 2220 972 orationis

153 1007 488 1058 admovenda
524 1015 602 1058 est
639 1007 705 1058 ad
740 1004 1043 1057 animorum
1075 1015 1252 1057 motus
1288 1022 1692 1069 nonnumquam
1727 1014 1818 1056 aut
1855 1005 2221 1057 cohortatione

156 1101 249 1144 aut
297 1092 803 1143 commemoratione
853 1091 1030 1156 aliqua
1080 1100 1171 1141 aut
1219 1091 1273 1140 in
1323 1108 1470 1156 spem
1520 1100 1612 1141 aut
1661 1090 1714 1140 in
1761 1100 1963 1141 metum
2013 1100 2105 1141 aut
2155 1091 2222 1140 ad

156 1176 502 1241 cupiditatem
539 1184 630 1226 aut
669 1176 737 1227 ad
775 1175 1002 1242 gloriam
1041 1173 1401 1236 concitandos,
1443 1192 1599 1239 saepe
1639 1175 1800 1226 etiam
1839 1193 1868 1226 a
1909 1175 2221 1235 temeritate,

157 1261 448 1322 iracundia,
484 1278 591 1326 spe,
625 1259 835 1321 iniuria,
871 1259 1086 1320 invidia,
1123 1259 1435 1311 crudelitate
1470 1260 1814 1311 revocandos

262 1347 440 1412 Again
467 1347 520 1396 in
550 1346 764 1407 Orator,
795 1346 874 1396 28.
897 1359 992 1410 97:
1055 1343 1272 1396 Tertius
1300 1354 1378 1396 est
1406 1345 1490 1396 ille
1517 1345 1724 1409 amplus
1752 1345 2016 1409 copiosus,
2046 1344 2225 1410 gravis

157 1439 395 1491 ornatus,
447 1430 498 1480 in
546 1446 651 1495 quo
697 1429 945 1495 profecto
992 1430 1072 1481 vis
1121 1429 1357 1480 maxima
1406 1438 1500 1480 est.
1587 1427 1692 1479 Hic
1742 1437 1820 1479 est
1869 1429 2025 1489 enim,
2076 1428 2226 1479 cuius

157 1524 409 1567 ornatum
450 1516 658 1566 dicendi
701 1522 752 1566 et
792 1513 999 1579 copiam
1041 1514 1336 1565 admiratae
1377 1522 1560 1580 gentes
1603 1515 1961 1577 eloquentiam
2006 1512 2057 1563 in
2101 1512 2226 1564 civi-

158 1601 356 1652 tatibus
398 1601 690 1665 plurimum
728 1601 906 1651 valere
946 1616 1136 1664 passae
1179 1608 1318 1661 sunt,
1363 1599 1455 1650 sed
1497 1599 1633 1649 hanc
1675 1599 2046 1663 eloquentiam,
2092 1614 2227 1662 quae

162 1702 321 1737 cursu
368 1704 562 1751 magno
610 1686 894 1749 sonituque
942 1685 1192 1748 ferretur,
1241 1701 1401 1748 quam
1450 1686 1779 1748 suspicerent
1824 1702 2023 1743 omnes,
2073 1701 2233 1747 quam

163 1770 573 1831 admirarentur,
604 1788 765 1835 quam
793 1789 848 1822 se
876 1771 1096 1835 adsequi
1124 1787 1280 1835 posse
1309 1769 1624 1822 diffiderent.
1693 1769 1871 1820 Huius
1901 1767 2232 1833 eloquentiae

163 1867 242 1908 est
273 1864 502 1908 tractare
533 1857 756 1918 animOS,
787 1854 944 1907 huius
973 1857 1121 1906 omni
1151 1856 1312 1907 modo
1343 1872 1670 1920 permovere.
1740 1855 1891 1905 Haec
1920 1854 2082 1906 modo
2112 1872 2231 1919 per-

169 1940 372 2008 fringit,
422 1942 585 1993 modo
635 1942 820 2006 irrepit
871 1942 923 1992 in
976 1957 1192 2003 sensus;
1259 1941 1445 1992 inserit
1496 1957 1662 1992 novas
1714 1940 2006 2005 opinioneS,
2061 1936 2237 1990 evellit

165 2036 366 2079 1ns1taS.
