2373 4033
129 207 190 245 12
240 190 480 244 CICERO’S
516 203 847 240 INFLUENCE
882 201 1034 239 UPON
1069 184 1446 237 AUGUSTINE'S
1478 198 1823 235 ORATORICAL
1855 198 2082 235 THEORY

126 361 374 428 quentiae
414 376 520 411 non
561 357 733 426 piguit
773 355 951 408 dicere
989 355 1134 420 quod
1174 354 1311 406 hanc
1351 362 1523 406 artem
1563 351 1666 406 nisi
1707 351 1827 418 quis
1867 353 1977 405 cito
2013 353 2200 420 possit,

125 463 399 512 nunquam
421 446 640 498 omnino
664 442 831 508 possit
852 441 1168 507 perdiscere.
1237 439 1334 503 (D.
1361 439 1424 490 D.
1455 439 1511 491 C.
1539 438 1636 502 IV,
1662 453 1708 504 3.
1729 439 1810 504 4.)
1877 438 1957 491 As
1982 439 2203 506 regards

129 532 302 583 which
353 530 558 589 Cicer0,
610 529 693 578 De
745 526 898 579 Orat.
951 525 1054 586 III,
1108 524 1190 590 36.
1220 523 1330 587 146,
1386 523 1493 575 had
1545 523 1690 575 said:
1778 523 1922 575 Tum
1972 523 2201 576 Caesar:

127 617 328 676 Unum,
361 614 546 680 inquit,
577 630 661 664 me
693 630 760 664 ex
790 621 883 662 tuo
914 626 1160 662 sermone
1189 607 1441 669 maxime,
1474 607 1684 668 Crasse,
1719 608 2025 669 commovit,
2057 606 2203 674 quod

124 716 249 753 eum
277 697 498 766 negasti,
529 698 619 763 qui
648 713 756 748 non
785 694 889 748 cito
917 693 1046 761 quid
1077 692 1351 746 didicisset
1380 708 1617 758 unquam
1647 693 1866 745 omnino
1896 709 2054 758 posse
2083 707 2203 758 per-

128 787 345 838 discere.

233 885 337 936 But
368 902 436 936 on
467 883 555 935 the
583 883 739 935 other
767 881 926 940 hand,
955 898 1078 932 men
1110 878 1235 930 who
1262 877 1398 930 have
1428 886 1522 930 not
1552 877 1658 930 had
1688 877 1778 930 the
1809 878 2110 944 advantage
2137 875 2202 927 of

129 970 412 1023 rhetorical
439 968 674 1035 training
701 968 751 1019 in
778 968 962 1033 youth,
991 966 1114 1017 who
1140 983 1229 1016 are
1258 964 1318 1016 of
1347 983 1378 1016 a
1402 964 1564 1029 quick
1590 964 1823 1015 intellect
1849 964 1954 1015 and
1982 981 2013 1015 a
2039 965 2204 1030 glow-

128 1056 216 1121 ing
244 1062 643 1119 temperament,
674 1053 889 1103 become
918 1052 1165 1114 eloquent
1196 1066 1344 1101 more
1375 1049 1578 1114 readily
1606 1048 1673 1112 by
1704 1048 1929 1115 reading
1954 1047 2204 1112 eloquent

129 1139 378 1204 speeches
402 1138 506 1190 and
533 1138 783 1202 listening
807 1147 861 1188 to
885 1136 1133 1199 eloquent
1157 1152 1295 1196 men,
1321 1133 1449 1185 than
1474 1133 1541 1198 by
1566 1133 1846 1199 attending
1869 1141 1924 1184 to
1947 1132 2036 1184 the
2063 1132 2203 1183 rules

128 1223 188 1275 of
218 1224 519 1287 eloquence.
585 1219 857 1286 Quoniam
888 1218 929 1271 si
959 1228 1139 1271 actum
1166 1228 1216 1270 et
1249 1218 1468 1269 fervens
1497 1217 1636 1268 adsit
1666 1215 1956 1284 ingenium,
1990 1215 2204 1267 facilius

130 1309 383 1360 adhaeret
440 1307 741 1372 eloquentia
798 1305 1094 1371 legentibus
1148 1313 1203 1354 et
1259 1303 1602 1354 audientibus
1659 1302 1985 1368 eloquenteS,
2043 1318 2206 1367 quam

129 1391 461 1457 eloquentiae
488 1400 769 1456 praecepta
797 1389 1137 1441 sectantibus,
1203 1388 1318 1440 Nec
1345 1388 1538 1439 desunt
1565 1386 1954 1439 ecclesiasticae
1980 1387 2205 1446 litterae,

127 1478 288 1529 etiam
331 1488 543 1543 praeter
587 1493 845 1527 canonem
892 1474 943 1525 in
989 1474 1327 1526 auctoritatis
1371 1490 1495 1524 arce
1540 1472 1827 1524 salubriter
1869 1471 2208 1530 collocatum,

130 1578 262 1627 quas
296 1562 523 1628 legendo
554 1561 717 1613 homo
748 1577 935 1625 caan,
972 1560 1069 1611 etsi
1105 1559 1157 1609 id
1191 1576 1299 1610 non
1332 1566 1473 1625 agat,
1509 1558 1603 1609 sed
1638 1556 2017 1608 tantummodo
2049 1555 2208 1608 rebus

132 1666 267 1715 quae
291 1648 359 1698 ibi
383 1648 651 1706 dicuntur,
677 1647 911 1697 intentus
937 1646 1018 1705 sit,
1045 1644 1204 1697 etiam
1230 1644 1441 1709 eloquio
1465 1660 1571 1709 quo
1595 1643 1865 1703 dicuntur,
1888 1642 2021 1694 dum
2047 1642 2101 1692 in
2124 1638 2207 1692 his

131 1741 391 1791 versatur,
433 1732 717 1792 imbuitur3
774 1731 1059 1781 accendete
1101 1731 1183 1780 vel
1225 1730 1458 1780 maxime
1500 1728 1884 1780 exercitatione
1929 1728 2039 1778 sive
2081 1727 2209 1777 scri-

131 1818 304 1877 bendi,
335 1817 445 1867 sive
472 1814 726 1875 dictandi,
755 1825 1029 1881 postremo
1056 1814 1215 1865 etiam
1244 1813 1473 1873 dicendi,
1504 1828 1639 1878 quae
1669 1812 1967 1862 secundum
1992 1810 2208 1876 pietatis

131 1919 192 1953 ac
229 1902 348 1952 fidei
385 1901 622 1966 regulam
657 1901 831 1952 sentit.
910 1899 1003 1962 (D.
1041 1899 1107 1948 D.
1145 1898 1199 1950 C.
1239 1898 1336 1958 IV,
1373 1898 1419 1948 3.
1442 1899 1521 1960 4.)

236 1999 377 2050 That
413 1998 561 2050 these
595 1997 937 2063 conceptions
972 2014 1063 2049 are
1100 1997 1287 2048 drawn
1325 1995 1471 2046 from
1506 1994 1696 2047 Cicero
1733 1995 1776 2046 is
1813 1994 2028 2046 evident
2065 1992 2212 2043 from

133 2085 220 2137 thc
248 2085 552 2151 following:
599 2083 681 2135 Sit
707 2085 866 2135 modo
892 2085 951 2138 is,
979 2084 1067 2146 qui
1097 2083 1234 2133 dicet
1261 2092 1351 2133 aut
1381 2081 1589 2138 scribet,
1619 2080 1895 2132 institutus
1921 2078 2211 2130 liberaliter

128 2170 442 2221 educatione
469 2167 819 2233 doctrinaque
844 2167 1034 2233 puerili
1061 2176 1112 2219 et
1140 2166 1329 2233 flagret
1357 2166 1534 2218 studio
1562 2175 1615 2218 et
1640 2183 1671 2216 a
1699 2174 1892 2216 natura
1920 2164 2207 2215 adiuvetur

130 2265 181 2306 et
234 2256 284 2306 in
338 2255 717 2306 universorum
765 2270 1023 2320 generum
1078 2252 1297 2303 infinitis
1351 2250 1827 2316 disceptationibus
1882 2249 2209 2301 exercitatus

132 2342 503 2392 ornatissimos
532 2341 821 2405 scriptores
843 2349 1194 2404 oratoresque
1222 2339 1289 2389 ad
1318 2337 1753 2404 cognoscendum
1783 2336 2210 2400 imitandumque

133 2425 403 2491 delegerit,
432 2443 497 2477 ne
525 2424 608 2475 ille
635 2425 779 2475 haud
807 2441 948 2483 sane,
976 2423 1432 2489 quemadmodum
1458 2422 1623 2472 verba
1650 2430 1822 2472 struat
1851 2430 1901 2472 et
1928 2419 2207 2479 illuminet,

135 2527 165 2561 a
187 2510 457 2575 magistris
481 2509 595 2560 istis
620 2509 867 2574 requiret.
930 2509 1012 2559 Ita
1039 2508 1195 2559 facile
1219 2508 1271 2558 in
1298 2524 1475 2557 rerum
1500 2505 1830 2557 abundantia
1857 2505 1925 2556 ad
1949 2502 2209 2556 orationis

134 2603 447 2646 ornamenta
484 2594 595 2644 sinc
627 2593 763 2644 duce
798 2602 989 2644 natura
1025 2593 1153 2658 ipsa,
1190 2593 1232 2642 si
1267 2591 1428 2642 modo
1463 2601 1542 2643 est
1576 2590 1887 2650 exercitata,
1925 2588 2207 2639 delabitur.

143 2678 255 2744 (De
289 2676 436 2731 Orat.
474 2678 577 2738 III,
610 2692 691 2743 31.
730 2678 873 2743 125.)

1122 2772 1214 2840 (5)

743 2874 837 2925 Ha
872 2871 1042 2925 Musr
1079 2872 1310 2923 Posstzss
1345 2871 1590 2922 Wlsnoixi

243 2970 291 3023 It
334 2971 601 3023 behooves
641 2971 731 3024 the
774 2971 1148 3023 ecclesiastical
1188 2980 1375 3022 orator
1417 2978 1472 3022 to
1516 2968 1679 3034 speak
1723 2968 1830 3020 and
1874 2982 2039 3033 argue
2082 2966 2212 3017 with

135 3056 362 3107 wisdom
393 3074 524 3107 even
559 3057 761 3121 though
797 3056 832 3107 it
866 3057 927 3107 be
962 3056 1187 3107 without
1221 3055 1528 3121 eloquence,
1563 3055 1708 3105 since
1740 3053 1806 3104 he
1840 3053 1883 3104 is
1917 3051 2091 3103 under
2124 3051 2213 3102 the

134 3139 410 3205 necessity,
443 3139 557 3191 first
584 3140 646 3190 of
676 3139 759 3200 all,
792 3140 851 3191 of
882 3140 1205 3205 instructing
1233 3138 1316 3189 his
1346 3139 1579 3189 hearers.
1648 3137 1916 3202 Eloquent
1948 3151 2213 3186 nonsense

136 3223 178 3274 is
205 3231 260 3275 to
285 3224 347 3274 be
375 3223 620 3284 avoided,
646 3223 930 3288 especially
958 3223 1112 3274 when
1141 3223 1224 3273 his
1252 3223 1470 3274 hearers
1498 3238 1591 3273 are
1617 3219 1834 3286 pleased
1862 3218 1992 3270 with
2020 3218 2074 3278 it,
2106 3216 2213 3269 and

136 3307 259 3358 who
286 3307 436 3357 think
465 3307 577 3359 that
606 3306 748 3357 since
777 3306 864 3358 the
895 3306 1120 3371 speaker
1150 3306 1192 3357 is
1220 3306 1469 3371 eloquent
1498 3305 1564 3355 he
1591 3313 1736 3355 must
1763 3303 1827 3354 be
1857 3302 1985 3352 wise
2012 3301 2141 3353 also,

246 3403 352 3456 Sed
374 3420 493 3455 cum
515 3403 603 3455 alii
630 3403 832 3455 faciant
853 3403 1058 3463 obtuse,
1083 3402 1419 3463 deformiter,
1447 3401 1674 3468 frigide:
1699 3400 1786 3452 alii
1810 3409 1981 3459 acute,
2006 3407 2211 3461 ornate,

141 3489 510 3550 vehementcr;
545 3488 692 3539 illum
723 3489 790 3540 ad
825 3487 923 3540 hoc
956 3505 1092 3554 opus
1125 3488 1266 3540 unde
1299 3484 1523 3554 agimus,
1560 3487 1665 3538 iam
1696 3493 1910 3550 oportet
1942 3484 2210 3544 accedere,

141 3574 230 3640 qui
273 3583 447 3640 potest
488 3573 764 3638 disputare
807 3574 886 3624 vel
933 3573 1110 3625 dicere
1154 3572 1437 3638 sapienter,
1482 3571 1690 3623 etiamsi
1734 3587 1841 3621 non
1884 3578 2061 3636 potest
2104 3569 2211 3620 elo·
