2373 4033
130 192 199 242 44
248 178 488 230 CICERO’S
524 195 856 232 INFLUENCE
890 197 1043 234 UPON
1079 185 1456 235 AUGUSTINE’S
1488 199 1832 238 ORATORICAL
1863 201 2091 238 THEORY

459 347 651 401 obtulit
680 349 912 402 haedum
939 368 1238 418 caprarum,

462 434 613 486 cuius
642 452 857 487 carnem
887 438 1183 489 secundum
1210 448 1557 504 praeceptum
1584 440 1778 507 angeli,

459 528 510 571 et
536 537 723 586 azyma
751 537 913 587 supra
941 530 1146 588 petram
1173 523 1369 589 posuit,

460 612 511 657 et
539 623 602 657 eo
630 604 749 659 iure
777 606 1049 672 perfudit:

462 707 598 756 quae
623 691 778 742 simul
803 701 861 743 ut
883 693 1068 758 virgae
1091 695 1383 755 cacumine,
1409 711 1570 761 quam
1593 696 1828 762 gerebat,

462 775 684 841 angelus
720 775 818 828 Dei
854 778 1092 844 contigit,

460 860 526 911 de
551 870 700 925 petra
728 860 863 928 ignis
888 863 1079 928 erupit,

458 956 615 1010 atque
650 948 720 998 ita
755 947 1075 999 sacrificium
1109 950 1253 1012 quod
1286 949 1618 1002 offerebatur

462 1030 804 1095 absumptum
834 1042 926 1083 est.

460 1114 510 1164 A
536 1115 720 1179 period
748 1115 808 1167 of
838 1117 1026 1170 twelve
1051 1117 1305 1169 membra.

331 1198 378 1249 b.
454 1199 570 1249 The
601 1200 729 1250 rock
758 1218 788 1251 a
817 1209 939 1266 type
967 1201 1026 1253 of
1057 1202 1254 1253 Christ.

457 1282 582 1348 Quo
614 1283 809 1336 indicio
839 1286 1169 1337 declaratum
1196 1286 1426 1349 videtur,

455 1369 597 1432 quod
624 1379 778 1434 petra
802 1368 891 1421 illa
920 1379 1105 1436 typum
1133 1370 1378 1423 habuerit
1408 1373 1648 1438 corporis
1678 1372 1910 1436 Christi;

459 1453 583 1519 quia
611 1455 869 1519 scriptum
897 1464 991 1516 est,

457 1538 738 1590 “bibebant
770 1540 834 1592 de
864 1542 1207 1604 consequenti
1239 1550 1406 1606 petra,

451 1631 603 1687 petra
632 1630 813 1675 autem
840 1633 954 1676 erat
983 1623 1282 1678 Christus.''

455 1706 619 1773 Quod
646 1708 829 1774 utique
856 1727 962 1762 non
989 1710 1059 1762 ad
1086 1709 1421 1764 divinitatem
1449 1712 1579 1775 eiuS,

453 1793 546 1844 sed
573 1793 642 1846 ad
668 1810 885 1846 carnem
911 1796 1138 1847 relatum
1164 1806 1260 1859 est,

454 1895 590 1943 quae
627 1879 920 1931 sitientium
957 1881 1121 1933 corda
1157 1883 1481 1948 populorum
1514 1885 1735 1950 perenni
1775 1885 1891 1938 rivo

450 1963 532 2015 sui
562 1962 837 2031 sanguinis
868 1963 1165 2019 inundavit.

451 2048 503 2098 A
531 2049 719 2114 period
746 2049 808 2100 of
839 2050 962 2102 nine
990 2052 1245 2104 membra.

325 2149 368 2183 c.
444 2132 561 2184 The
591 2133 894 2202 abolishing
921 2136 981 2187 of
1011 2136 1101 2188 the
1131 2137 1241 2189 sins
1271 2138 1331 2189 of
1361 2138 1452 2190 the
1479 2139 1668 2191 world.

452 2219 566 2270 Iam
596 2228 721 2270 tunc
751 2219 915 2285 igitur
941 2219 995 2271 in
1023 2223 1279 2286 mysterio
1308 2222 1638 2275 declaratum
1666 2232 1762 2285 est,

447 2303 572 2368 quia
602 2303 868 2356 Dominus
896 2305 1057 2371 Jesus
1085 2306 1139 2357 in
1169 2323 1328 2359 carne
1358 2326 1469 2369 sua,

447 2389 611 2439 totius
642 2389 828 2440 mundi
861 2399 1077 2455 peccata
1109 2390 1400 2444 crucifixus
1431 2393 1684 2455 aboleret,

447 2490 544 2524 nec
573 2475 748 2525 solum
775 2474 967 2527 delicta
995 2476 1282 2539 factorum,

452 2558 545 2609 sed
574 2559 736 2610 etiam
764 2560 1084 2626 cupiditates
1112 2560 1432 2615 animorum.

455 2643 505 2694 A
531 2644 718 2709 period
744 2647 805 2697 of
833 2645 934 2696 five
961 2647 1216 2698 membra.

327 2726 376 2779 d.
453 2728 870 2794 Interpretation
900 2729 963 2782 of
995 2731 1085 2783 the
1116 2730 1407 2800 preceding
1436 2731 1683 2787 division.

454 2813 595 2866 Cato
621 2815 761 2865 enim
787 2815 943 2866 haedi
969 2816 1037 2867 ad
1062 2816 1275 2882 culpam
1303 2818 1432 2870 facti
1461 2819 1723 2882 refertur;

451 2897 532 2950 ius
558 2899 627 2950 ad
653 2899 929 2953 illecebras
954 2899 1325 2967 cupiditatum,

447 2983 583 3034 sicut
615 2984 875 3050 scriptum
903 2995 1001 3048 est,

450 3070 610 3133 “quia
638 3071 942 3135 concupivit
974 3072 1205 3137 populus
1231 3073 1580 3139 cupiditatem
1609 3076 1912 3141 pessimam,

449 3160 501 3203 et
525 3152 795 3213 dixerunt,

447 3238 565 3301 quis
596 3255 700 3290 non
731 3238 924 3292 cibabit
954 3259 1112 3294 carne
1128 3240 1182 3292 ?''

449 3319 500 3370 A
525 3322 710 3386 period
733 3321 797 3374 of
825 3321 907 3374 six
933 3324 1186 3377 membra.

320 3420 367 3456 e.
441 3405 558 3456 The
589 3405 723 3457 flesh
745 3406 806 3457 of
835 3407 925 3459 the
956 3407 1166 3460 Master
1194 3408 1300 3461 will
1331 3410 1550 3478 destroy
1580 3412 1677 3464 sin.

450 3486 614 3554 Quod
643 3489 806 3557 igitur
834 3491 1075 3545 extendit
1103 3494 1324 3560 angelus
1351 3495 1576 3562 virgam,
