2373 4033
615 67 1023 106 ILLUSTRATION
1055 67 1122 104 OF
1154 67 1271 102 THE
1303 66 1476 102 PLAIN
1510 67 1678 103 STYLE
2109 67 2172 116 41

112 228 202 280 the
244 233 504 279 covenant
542 224 602 277 of
647 224 766 276 God
806 232 860 275 to
903 224 1059 274 stand
1098 222 1484 287 unimpeached
1526 240 1654 273 over
1696 223 1905 287 against
1946 222 2034 273 the
2075 224 2177 274 law

119 312 178 363 of
217 311 416 362 MoseS.
495 310 671 360 Ther-e
711 308 770 369 is,
808 324 1106 367 moreover,
1149 322 1217 357 no
1258 306 1688 357 ornamentation
1727 306 1786 357 os
1828 304 2044 367 diction,
2086 306 2182 357 but

119 414 190 447 on
235 395 324 446 the
367 394 520 446 other
564 392 723 454 hand,
769 393 913 457 plain
958 391 1063 441 and
1110 389 1425 440 unadorned
1471 390 1678 455 speech.
1761 389 1893 440 This
1938 406 2180 455 passage,

117 478 408 541 therefore,
434 479 477 529 is
504 477 670 543 justly
695 476 939 528 referred
965 483 1021 525 to
1045 492 1103 526 as
1129 491 1159 525 a
1187 475 1452 538 specimen
1477 473 1538 524 of
1566 473 1654 524 the
1683 472 1960 526 Submissa
1986 472 2180 525 Dictio.

511 741 770 793 CYPRIAN
798 756 875 791 oN
902 756 1019 790 THE
1050 740 1405 792 SACRAMENT
1431 754 1499 789 OF
1525 754 1643 789 THE
1670 739 1791 791 Cup

224 856 291 906 D.
328 855 393 905 D.
435 854 492 905 C,
531 855 627 914 IV,
667 866 864 918 21.45:
936 853 1260 903 Admonitos
1299 860 1476 903 autem
1512 870 1610 903 nos
1649 853 1802 913 sciaS,
1840 861 1899 903 ut
1935 853 1988 902 in
2025 853 2187 904 calice

118 939 402 990 offerendo
432 937 699 990 dominica
730 938 948 989 traditio
979 946 1238 998 servetur,
1269 952 1439 1000 neque
1471 937 1616 987 aliud
1647 936 1739 987 fiat
1767 955 1798 988 a
1829 936 1996 997 nobis,
2028 953 2189 1000 quam

123 1025 268 1090 quod
305 1041 403 1090 pro
440 1024 593 1075 nobis
633 1023 897 1073 Dominus
935 1023 1083 1087 prior
1122 1023 1265 1082 fecit,
1306 1030 1364 1072 ut
1404 1022 1545 1072 calix
1584 1021 1673 1086 qui
1714 1022 1766 1071 in
1804 1038 2189 1072 commemora-

124 1111 325 1161 tionem
353 1107 465 1160 eius
494 1108 740 1168 offertur,
768 1107 895 1158 vino
925 1107 1128 1157 mixtus
1158 1106 1439 1158 offeratur.
1507 1106 1650 1156 Nam
1681 1123 1803 1156 cum
1833 1105 1977 1156 dicat
2008 1105 2190 1156 Chris-

120 1203 222 1255 tuS,
250 1193 400 1260 “Ego
426 1210 545 1244 sum
568 1194 691 1244 vitis
716 1191 893 1254 vera,''
929 1192 1112 1256 (Joan.
1141 1190 1263 1252 XV,
1294 1191 1351 1255 5)
1378 1208 1389 1252 ;
1434 1190 1650 1256 sanguis
1677 1189 1892 1250 Christi,
1920 1207 2026 1241 non
2053 1206 2190 1253 aqua

126 1287 205 1329 est
236 1279 434 1342 utique,
469 1277 562 1328 sed
592 1277 806 1336 vinum3
840 1293 934 1326 nec
966 1283 1140 1340 potest
1172 1274 1343 1325 videri
1377 1275 1593 1339 sanguis
1627 1273 1756 1334 eiuS,
1792 1291 1897 1339 quo
1933 1274 2192 1338 redempti

125 1371 176 1413 et
214 1360 469 1414 vivificati
511 1377 710 1423 sumus,
753 1377 868 1411 esse
909 1358 962 1410 in
1002 1359 1178 1420 calice,
1221 1359 1436 1423 quando
1473 1356 1661 1409 vinum
1701 1357 1838 1409 desit
1880 1358 2044 1418 calici,
2087 1373 2193 1422 quo

124 1446 323 1499 Christi
365 1447 580 1513 sanguis
624 1446 953 1507 ostenditur3
995 1446 1085 1509 qui
1131 1444 1533 1508 Scripturarum
1576 1444 1816 1494 omnium
1859 1451 2195 1494 sacramento

127 1548 186 1582 ac
219 1531 528 1582 testimonio
562 1528 917 1595 praedicatur.
992 1528 1302 1580 Invenimus
1339 1525 1482 1578 enim
1516 1528 1572 1578 in
1610 1525 1804 1579 Genesi
1841 1527 1982 1578 circa
2021 1544 2195 1578 sacra-

121 1624 362 1666 mentum
404 1615 523 1666 Noe
562 1615 663 1665 hoc
704 1614 845 1664 idem
885 1613 1336 1678 praecucurrisse,
1379 1621 1431 1664 et
1470 1613 1698 1677 figuram
1734 1612 2038 1663 dominicae
2075 1628 2196 1676 pas-

129 1697 293 1750 sionis
334 1698 438 1749 illic
477 1698 763 1760 exstitisse,
804 1698 947 1762 quod
985 1697 1173 1749 vinum
1210 1695 1356 1757 bibit,
1399 1697 1543 1761 quod
1585 1696 1876 1747 inebriatus
1918 1704 2012 1757 est,
2054 1697 2198 1759 quod

133 1785 185 1834 in
224 1784 384 1835 domo
426 1801 521 1835 sua
561 1783 795 1834 nudatus
835 1792 927 1843 est,
970 1782 1115 1848 quod
1158 1782 1261 1832 fuit
1302 1782 1562 1832 recubans
1603 1781 1761 1832 nudis
1802 1791 1853 1832 et
1893 1781 2197 1846 patentibus

134 1869 457 1929 femoribus;
501 1868 645 1933 quod
686 1867 902 1918 nuditas
945 1868 1032 1918 illa
1074 1867 1241 1931 patris
1285 1883 1315 1917 a
1354 1865 1531 1918 medio
1574 1865 1681 1916 filio
1723 1865 1975 1916 denotata
2016 1873 2123 1924 est;
2167 1881 2198 1915 a

125 1953 328 2004 maiore
365 1970 493 2004 vero
533 1961 584 2003 et
620 1951 829 2003 minore
866 1959 1111 2002 contecta
1160 1949 1322 2015 (Gen.
1364 1950 1462 2010 IX,
1503 1949 1717 2014 20—25),
1757 1958 1809 2000 et
1847 1958 2024 1999 cetera
2064 1965 2200 2013 quae

131 2054 345 2088 necesse
385 2055 492 2088 non
532 2043 611 2087 est
650 2036 886 2100 exsequi,
927 2051 1049 2086 cum
1091 2034 1217 2086 satis
1259 2032 1327 2086 sit
1366 2033 1466 2085 hoc
1507 2034 1680 2085 solum
1721 2032 2014 2097 complecti,
2057 2032 2200 2096 quod

130 2122 249 2173 Noe
297 2130 487 2186 typum
542 2123 757 2172 futurae
808 2121 1050 2172 veritatis
1104 2120 1406 2180 ostendens,
1461 2136 1568 2171 non
1619 2134 1814 2182 aquam
1869 2119 1961 2169 sed
2015 2118 2198 2168 vinum

129 2205 349 2269 biberit;
403 2215 454 2258 et
490 2207 565 2258 sic
600 2205 889 2272 imaginem
923 2206 1220 2257 dominicae
1256 2205 1520 2270 passionis
1557 2204 1896 2269 expresserit.
1970 2205 2109 2254 Item
2146 2203 2198 2253 in

128 2293 402 2344 sacerdote
467 2291 867 2343 Melchisedech
931 2292 1258 2342 dominicum
1323 2298 1717 2341 sacramentum
1778 2288 2200 2355 praefiguratum

129 2376 388 2436 videmuS,
434 2377 729 2428 secundum
769 2376 913 2441 quod
957 2375 1235 2440 Scriptura
1276 2373 1458 2426 divina
1499 2382 1741 2437 testatur,
1785 2381 1835 2424 et
1878 2371 2031 2423 dicit:
2094 2371 2198 2423 “Et

129 2458 530 2512 Melchisedech
579 2477 676 2510 rex
727 2460 904 2511 Salem
950 2460 1174 2525 protulit
1221 2476 1413 2524 panem
1462 2466 1513 2509 et
1560 2458 1761 2509 vinum.
1849 2458 1975 2508 Fuit
2023 2466 2201 2508 autem

132 2545 381 2597 sacerdos
407 2545 509 2596 Dei
536 2544 746 2606 summi,
773 2554 824 2596 et
848 2544 1123 2595 benedixit
1148 2542 1475 2595 Abraham.'’
1529 2542 1639 2608 (Id.
1669 2542 1825 2603 XIX,
1860 2541 1972 2606 18).
2037 2540 2199 2605 Quod

131 2638 312 2682 autern
357 2629 755 2681 Melchisedech
802 2637 988 2695 typum
1036 2628 1237 2680 Christi
1284 2636 1538 2693 portaret,
1588 2628 1822 2678 declarat
1868 2625 1922 2677 in
1973 2624 2196 2677 Psalmis

134 2712 367 2779 Spiritus
403 2723 632 2774 sanctu5,
666 2732 734 2766 ex
765 2730 995 2779 persona
1030 2714 1206 2765 Patris
1241 2713 1308 2764 ad
1343 2711 1538 2763 Filium
1573 2710 1779 2763 dicens:
1834 2711 2009 2762 “Ante
2043 2710 2199 2761 Luci-

131 2799 308 2849 ferum
348 2799 507 2864 genui
548 2808 614 2850 te.
691 2799 778 2849 Tu
819 2816 874 2849 es
916 2798 1165 2849 sacerdos
1207 2799 1260 2848 in
1302 2806 1578 2849 aeternum
1623 2795 1917 2847 secundum
1957 2795 2201 2846 ordinem

138 2882 587 2933 Melchisedech.''
657 2883 774 2947 (Ps.
805 2883 950 2942 CIX,
976 2883 1062 2947 4).

166 2966 422 3032 Analysis
453 2967 515 3033 of
544 2967 630 3018 tlte
660 2968 827 3018 above
856 2967 910 3017 in
939 2967 1265 3018 accordance
1293 2966 1424 3017 with
1456 2965 1540 3016 tlze
1571 2965 1744 3015 Norm
1778 2964 1840 3030 of
1863 2963 2166 3029 Aztyustine

342 3102 387 3136 a.
462 3085 785 3137 Admonitos
811 3093 990 3136 autern
1015 3101 1111 3135 nos
1137 3085 1289 3144 sciaS,

460 3178 521 3221 ut
549 3170 601 3220 in
630 3168 794 3221 calice
823 3169 1103 3221 offerendo
1134 3168 1402 3220 dominica
1432 3168 1648 3219 traditio
1682 3175 1940 3228 servetur,

465 3270 636 3318 neque
663 3252 808 3305 aliud
836 3253 926 3304 fiat
953 3271 983 3305 a
1011 3253 1177 3315 nobiS‚

462 3355 624 3403 quarn
650 3339 794 3404 quod
819 3355 917 3404 pro
943 3337 1095 3390 nobis
1124 3335 1387 3389 Dominus
1415 3338 1561 3402 prior
1591 3336 1735 3396 fecit,

464 3430 526 3475 ut
556 3424 712 3486 calix,
743 3425 832 3489 qui
864 3424 917 3475 in
948 3420 1511 3475 commemorationem
1542 3419 1655 3472 eius
1685 3420 1930 3480 offertur,
