2373 4033
654 108 1062 145 ILLUSTRATION
1097 108 1165 144 OF
1194 108 1313 143 THE
1343 108 1517 144 PLAIN
1553 109 1721 144 STYLE
2153 110 2219 161 43

485 269 536 313 et
563 261 836 314 benedixit
864 261 1191 314 Abraham.'’

486 346 538 396 A
561 346 748 413 period
773 347 834 399 of
863 347 946 399 six
972 347 1226 398 membra.

363 431 401 482 f.
477 430 848 482 M-elchizedek
876 449 907 482 a
936 440 1059 496 type
1088 431 1147 482 of
1177 429 1373 482 Christ.

487 514 650 580 Quod
681 523 860 566 autem
891 513 1289 566 Melchisedech
1320 521 1509 578 typum
1538 512 1738 566 Christi
1767 523 2021 579 portaret,

486 599 720 650 declarat
742 598 798 649 in
827 598 1054 650 Psalmis
1083 598 1316 663 Spiritus
1344 607 1575 659 sanctuS,

490 700 558 733 ex
585 699 814 748 persona
844 683 1020 733 Patris
1049 682 1117 733 ad
1144 682 1341 732 Filium
1369 682 1580 733 dicens:

486 766 662 818 “Ante
690 766 1010 817 Luciferum
1035 764 1195 832 genui
1223 773 1289 817 te.

487 851 572 901 Tu
597 868 652 902 es
679 851 926 902 sacerdos
951 851 1004 900 in
1028 859 1306 902 aeternum
1331 850 1626 902 secundum
1647 849 1893 902 ordinem

562 935 1012 987 Melchis-edech.’'

485 1019 537 1070 A
563 1020 750 1085 period
777 1020 838 1072 ot’
866 1019 969 1072 five
995 1020 1250 1071 membra.

666 1251 752 1303 ST.
783 1251 1060 1302 AMBROSE
1086 1266 1163 1302 oN
1191 1266 1310 1301 THE
1338 1251 1503 1302 HoLY
1534 1250 1725 1302 SPIRIT

263 1350 332 1401 D.
364 1350 429 1400 D.
468 1349 526 1400 C.
562 1350 658 1410 IV,
693 1365 774 1401 21,
796 1350 892 1412 46:
961 1350 1277 1401 Commotus
1311 1349 1530 1400 oraculo
1566 1349 1799 1410 Gedeon,
1837 1366 1958 1400 cum
1993 1349 2228 1400 audisset

162 1435 307 1501 quod
345 1433 712 1485 deficientibus
751 1435 874 1486 licet
913 1434 1236 1499 populorum
1275 1433 1524 1494 millibuS,
1567 1434 1620 1484 in
1658 1451 1765 1485 uno
1805 1433 1923 1485 viro
1964 1433 2228 1484 Dominus

159 1519 367 1585 plebem
399 1537 550 1570 suam
582 1520 649 1570 ab
680 1519 922 1569 hostibus
953 1519 1217 1579 liberaret,
1252 1518 1443 1569 obtulit
1475 1518 1707 1568 haedum
1740 1535 2040 1582 caprarum,
2077 1518 2228 1568 cuius

158 1620 374 1655 carnem
400 1603 694 1655 secundum
720 1611 1065 1667 praeceptum
1093 1603 1282 1668 angeli,
1311 1611 1362 1654 et
1390 1619 1578 1667 azyma
1607 1618 1769 1667 supra
1796 1610 2006 1666 petram
2032 1600 2224 1666 posuit,

162 1696 213 1739 et
245 1705 307 1740 eo
338 1689 460 1754 jure
492 1688 763 1752 perfudit:
815 1704 950 1752 quae
985 1687 1142 1739 simul
1175 1697 1234 1738 ut
1265 1687 1448 1754 virgae
1482 1685 1770 1749 cacumine,
1804 1703 1964 1752 quam
1997 1688 2230 1753 gerebat,

157 1773 377 1840 angelus
404 1773 505 1824 Dei
533 1771 767 1840 contigit,
798 1773 862 1825 de
888 1781 1040 1838 petra
1067 1774 1204 1838 ignis
1232 1773 1421 1837 erupit,
1451 1781 1611 1837 atque
1637 1773 1709 1823 ita
1736 1770 2058 1823 sacrificium
2083 1772 2226 1836 quod

150 1858 486 1909 offerebatur
510 1857 854 1923 absumptum
881 1866 974 1909 est.
1048 1857 1200 1923 (Jud.
1229 1857 1326 1918 IV,
1361 1858 1569 1923 11-21).
1615 1857 1739 1922 Quo
1768 1857 1964 1907 indicio
1992 1856 2229 1907 declara-

160 1950 276 1993 tum
305 1942 534 2003 videtur,
568 1943 710 2007 quod
742 1950 894 2006 petra
927 1941 1017 1993 illa
1048 1950 1236 2006 typum
1269 1941 1515 1992 habuerit
1550 1940 1786 2005 corporis
1824 1938 2054 2002 Christi;
2107 1941 2231 2004 quia

165 2027 424 2091 scriptum
474 2036 568 2088 est,
622 2028 903 2077 “bibebant
955 2028 1019 2077 de
1072 2027 1416 2089 consequenti
1468 2035 1634 2092 petra,
1687 2035 1837 2090 petra
1891 2035 2069 2076 autem
2122 2033 2236 2076 erat

164 2110 461 2162 Christus''
543 2111 597 2176 (I
636 2110 757 2162 Cor.
798 2111 865 2172 X,
903 2111 982 2177 4.)
1063 2109 1226 2175 Quod
1259 2112 1441 2174 utique
1479 2129 1585 2162 non
1622 2111 1689 2161 ad
1727 2111 2061 2161 divinitatem
2097 2109 2232 2174 ejuS,

162 2195 255 2245 sed
280 2195 348 2246 ad
374 2212 588 2245 carnem
616 2194 842 2245 relatum
869 2203 962 2255 est,
991 2211 1126 2260 quae
1155 2194 1448 2245 sitientium
1476 2194 1639 2245 corda
1665 2193 1987 2258 populorum
2015 2193 2234 2258 perenni

156 2279 271 2329 rivo
297 2278 379 2329 sui
405 2278 679 2343 sanguinis
707 2277 1002 2328 inundavit.
1051 2278 1166 2327 Iam
1192 2286 1318 2328 tunc
1346 2278 1510 2343 igitur
1536 2277 1589 2326 in
1617 2277 1871 2342 mysterio
1898 2276 2231 2327 declaratum

158 2371 255 2422 est,
281 2362 406 2426 quia
430 2362 694 2413 Dominus
718 2362 874 2426 Jesus
900 2363 953 2412 in
978 2379 1136 2413 carne
1163 2377 1273 2423 sua,
1300 2360 1463 2412 totius
1488 2361 1674 2411 mundi
1699 2369 1914 2425 peccata
1941 2359 2226 2410 crucifixus

156 2447 406 2506 aboleret,
456 2463 553 2497 n-ec
601 2445 774 2497 solum
821 2443 1015 2497 delicta
1064 2446 1350 2506 factorum,
1399 2445 1493 2496 sed
1541 2446 1701 2496 etiam
1752 2445 2070 2510 cupiditates
2119 2444 2230 2494 ani—

162 2548 390 2583 morum.
454 2530 594 2582 Caro
619 2531 760 2582 enim
786 2530 943 2582 haedi
968 2530 1035 2581 ad
1061 2531 1273 2595 culpam
1301 2531 1430 2580 facti
1458 2531 1720 2589 refertum
1747 2529 1836 2594 jus
1862 2530 1930 2579 ad
1957 2528 2228 2578 illecebras

165 2606 533 2680 cupiditatum
581 2617 715 2666 sicut
762 2616 1021 2680 scriptum
1065 2624 1158 2678 est,
1207 2616 1366 2679 “quia
1411 2614 1712 2678 concupivit
1760 2614 1986 2677 populus
2032 2613 2232 2676 cupidi-

163 2707 326 2750 tatem
350 2696 650 2764 pessimam,
678 2709 728 2750 et
754 2701 1021 2760 dixerunt,
1049 2699 1166 2763 quis
1191 2717 1288 2750 nos
1315 2699 1509 2749 cibabit
1536 2715 1693 2749 carne
1710 2697 1762 2746 ?’'
1798 2697 1991 2761 (Num.
2019 2695 2117 2755 XI,
2144 2696 2230 2760 4).

161 2782 324 2848 Quod
355 2781 516 2849 igitur
546 2783 786 2835 extendit
817 2783 1036 2850 angelus
1066 2783 1291 2849 virgam,
1323 2790 1374 2833 et
1403 2781 1576 2847 tetigit
1605 2789 1827 2845 petram,
1859 2782 1924 2830 de
1954 2796 2060 2844 qua
2090 2778 2227 2845 ignis

163 2868 309 2929 exiit,
357 2868 588 2919 ostendit
635 2869 779 2933 quod
825 2885 949 2919 caro
997 2868 1216 2918 Domini
1265 2867 1469 2932 Spiritu
1516 2867 1715 2930 repleta
1763 2865 1960 2925 divino,
2008 2872 2227 2929 peccata

157 2953 338 3004 omnia
365 2953 628 3004 humanae
658 2954 977 3004 conditionis
1006 2961 1271 3003 exureret.
1336 2951 1496 3002 Unde
1525 2958 1577 3002 et
1605 2950 1868 3001 Dominus
1899 2950 1988 3009 ait,
2018 2948 2227 3014 “ignem

160 3037 281 3087 veni
314 3038 524 3088 mittere
559 3037 610 3087 in
643 3036 892 3088 terram.'’
970 3036 1128 3101 (Luc,
1164 3035 1293 3096 XII,
1324 3035 1444 3100 49).

208 3119 467 3186 Analysis
490 3120 550 3186 of
574 3120 661 3171 the
686 3120 854 3171 above
876 3119 933 3170 in
955 3119 1284 3171 accordance
1310 3118 1441 3169 with
1472 3118 1557 3169 the
1582 3118 1757 3168 Norm
1785 3116 1845 3181 of
1867 3115 2171 3181 Augustine

364 3221 411 3255 a.
485 3203 603 3254 The
632 3203 871 3255 sacrifice
896 3203 958 3253 of
989 3202 1212 3254 Gideon.

401 3286 404 3289 ”
489 3286 802 3339 Commotus
834 3288 1053 3339 oraculo
1082 3287 1318 3347 Gedeon,

491 3387 614 3423 cum
642 3373 879 3424 audisset
907 3372 1051 3436 quod
1082 3368 1447 3423 deficientibus
1478 3369 1600 3420 licet
1629 3369 1950 3433 populorum
1978 3365 2225 3427 millibus,

492 3455 544 3507 in
570 3473 680 3508 uno
702 3459 820 3509 viro
846 3457 1111 3509 Dominus
1138 3455 1345 3522 plebem
1372 3471 1525 3506 suam
1550 3453 1615 3504 ab
1642 3451 1882 3504 hostibus
1910 3451 2173 3512 liberaret,
