2373 4033
788 173 906 208 THE
940 172 1104 208 NORM
1139 172 1206 208 OF
1240 171 1569 209 AUGUSTINE
2148 173 2212 225 35

154 341 245 392 for
272 341 337 393 its
366 340 540 407 poetic
567 341 797 407 rhythm,
826 342 932 393 and
960 343 1025 393 its
1055 357 1148 392 use
1173 341 1235 391 of
1264 341 1354 391 the
1379 339 1737 406 preposition;
1767 341 1817 403 d,
1850 354 1893 406 5,
1924 341 2217 408 consisting

149 425 212 476 of
251 426 500 478 fourteen
537 444 705 488 caesa,
742 428 837 478 has
874 426 1018 493 eight
1053 424 1342 492 beginning
1376 426 1505 476 with
1541 427 1807 490 periculiS,
1846 427 1952 477 and
1990 427 2089 487 siX,
2127 426 2217 477 the

152 510 268 562 first
297 512 401 562 and
431 512 531 563 last
562 511 680 572 five,
711 511 840 561 with
865 510 957 562 the
988 528 1132 562 same
1162 508 1505 575 preposition.
1572 511 1687 561 The
1720 511 1889 561 entire
1917 528 2140 577 passage
2172 512 2213 562 is

150 613 252 646 one
280 597 339 647 of
365 603 515 662 great
544 594 827 647 oratorical
861 595 1026 655 force,
1057 595 1163 646 and
1193 595 1411 660 belongs
1443 604 1498 645 to
1529 594 1760 646 Grandis
1793 594 1985 647 Dictio.

1160 774 1204 827 C

584 899 754 951 AMos
783 915 860 951 ON
891 915 1008 950 THE
1038 901 1453 952 WANToNNEss
1485 915 1551 951 OF
1583 901 1781 951 ISRAEL

253 1026 369 1077 Vae
404 1027 493 1090 qui
525 1026 765 1091 opulenti
800 1027 926 1078 estis
962 1027 1015 1077 in
1054 1026 1199 1088 Sion,
1236 1037 1286 1078 et
1321 1026 1586 1078 confiditis
1623 1028 1676 1078 in
1711 1036 1890 1078 monte
1928 1026 2218 1088 Samariae,

151 1110 435 1175 optimates
469 1110 644 1175 capita
672 1112 1011 1175 populorum,
1045 1111 1402 1177 ingredientes
1436 1112 1738 1176 pompatice
1771 1112 1991 1161 domum
2024 1110 2219 1161 Israel!

150 1196 400 1247 Transite
439 1197 491 1247 in
531 1194 821 1257 Chalanne,
862 1205 912 1248 et
949 1196 1141 1259 videte,
1181 1205 1233 1248 et
1269 1197 1338 1248 ite
1379 1196 1500 1248 inde
1542 1196 1593 1246 in
1631 1196 1827 1247 Emath
1865 1213 2130 1262 magnam,
2169 1203 2221 1246 et

151 1279 455 1332 descendite
505 1281 557 1331 in
610 1281 747 1333 Geth
800 1281 1244 1341 Palaestinorum,
1296 1290 1347 1332 et
1396 1282 1465 1333 ad
1511 1279 1717 1346 optima
1765 1297 2006 1345 quaeque
2058 1298 2221 1347 regna

152 1366 361 1427 horum,
399 1366 442 1417 si
478 1367 637 1417 latior
670 1367 930 1417 terminus
968 1384 1154 1417 eorum
1191 1366 1418 1417 termino
1455 1374 1635 1417 vestro
1670 1375 1767 1417 est.
1842 1366 1951 1431 Qui
1990 1366 2220 1431 separati

153 1452 280 1502 estis
305 1451 357 1500 in
378 1451 524 1502 diem
546 1451 761 1511 malum,
787 1459 838 1502 et
860 1449 1302 1515 appropinquatis
1327 1450 1459 1501 solio
1486 1450 1796 1515 iniquitatis,
1842 1450 1951 1516 Qui
1976 1449 2221 1501 dormitis

151 1536 201 1586 in
230 1535 380 1586 lectis
408 1535 669 1595 eburneiS,
700 1544 750 1586 et
776 1535 1030 1586 lascivitis
1058 1536 1111 1585 in
1142 1536 1320 1586 stratis
1349 1535 1570 1586 vestris:
1600 1536 1688 1598 qui
1719 1535 1998 1586 comeditis.
2025 1551 2223 1600 agnum

153 1619 216 1670 de
244 1636 419 1685 grege,
446 1627 497 1670 et
520 1619 716 1670 vitulos
744 1620 808 1670 de
831 1620 1010 1670 medio
1034 1620 1289 1670 armenti:
1317 1620 1406 1683 qui
1435 1619 1622 1670 canitis
1650 1619 1717 1669 ad
1743 1636 1930 1669 vocem
1959 1618 2220 1669 Psalterii.

157 1701 309 1753 Sicut
345 1702 523 1754 David
559 1710 883 1767 putaverunt
920 1721 974 1754 se
1010 1702 1206 1753 habere
1241 1721 1370 1754 vasa
1407 1701 1627 1764 cantici;
1665 1702 1901 1753 bibentes
1942 1701 1994 1752 in
2032 1702 2223 1767 phialis

152 1785 352 1849 vinum,
387 1796 436 1840 et
468 1786 672 1852 optimo
701 1797 975 1853 unguento
1009 1788 1256 1838 delibuti:
1291 1796 1341 1839 et
1373 1787 1502 1838 nihil
1536 1786 1877 1852 patiebantur
1908 1803 2066 1852 super
2101 1804 2223 1838 con-

149 1873 363 1924 tritione
392 1874 607 1938 Joseph.
692 1873 891 1938 (Amos
922 1874 1019 1935 VI,
1055 1873 1186 1939 1-6.)
1224 1874 1287 1924 D.
1320 1873 1386 1925 D.
1420 1873 1473 1924 C.
1508 1873 1605 1933 IV,
1636 1885 1680 1937 7.
1717 1872 1792 1924 16.

359 2045 403 2078 a.
479 2027 596 2077 The
628 2027 907 2078 invective.

479 2111 597 2162 Vae
629 2110 719 2176 qui
751 2112 989 2175 opulenti
1023 2111 1148 2163 estis
1183 2109 1236 2160 in
1273 2111 1418 2171 Sion,

483 2204 532 2247 et
557 2194 823 2247 confiditis
851 2197 902 2246 in
929 2204 1109 2248 monte
1137 2196 1427 2256 Samariae,

480 2282 765 2346 optimates
791 2282 965 2346 capita
988 2282 1326 2346 populorum,

479 2367 836 2433 ingredientes
865 2367 1164 2431 pompatice
1195 2367 1413 2418 domum
1443 2365 1638 2418 Israel!

480 2450 532 2500 A
556 2452 741 2515 period
766 2451 827 2501 of
856 2451 983 2501 four
1008 2451 1261 2510 membra.

353 2562 400 2614 b.
475 2562 707 2629 Against
737 2563 877 2614 their
909 2563 1250 2629 ingratitude.

476 2647 726 2698 Transite
754 2646 807 2698 in
836 2646 1126 2709 Chalanne,

477 2741 528 2783 et
556 2733 750 2793 videte,

481 2826 532 2867 et
570 2817 638 2867 ite
674 2818 796 2868 inde
833 2817 886 2866 in
922 2818 1120 2868 Emath
1157 2834 1423 2882 magnam,

473 2910 526 2952 et
553 2902 855 2952 descendite
884 2902 936 2951 in
966 2901 1103 2953 Geth
1132 2900 1574 2960 palaestinorum,

477 2992 527 3036 et
557 2985 625 3037 ad
651 2983 854 3050 optima
883 3001 1125 3049 quaeque
1155 3001 1318 3051 regna
1348 2984 1556 3045 horum,

475 3071 518 3121 si
543 3071 699 3121 latior
723 3070 982 3121 terminus
1008 3085 1195 3121 eorum
1217 3067 1444 3120 termino
1469 3075 1648 3120 vestro
1675 3075 1768 3119 est.

475 3154 527 3204 A
554 3155 740 3219 period
767 3155 827 3207 of
856 3163 962 3206 two
990 3172 1142 3206 caesa
1170 3154 1275 3205 and
1306 3154 1433 3205 four
1457 3153 1712 3205 membra.

352 3283 395 3317 c.
469 3267 921 3317 Announcement
953 3267 1013 3318 of
1048 3266 1230 3317 futur-e
1264 3266 1537 3331 captivity.

477 3350 586 3415 Qui
612 3351 841 3415 separati
867 3349 992 3403 estis
1018 3351 1071 3401 in
1094 3349 1235 3401 diem
1257 3351 1473 3410 malum,

479 3447 529 3485 et
557 3436 997 3500 appropinquatis
1028 3436 1159 3486 solio
1188 3434 1498 3499 iniquitatis.

475 3518 527 3568 A
557 3519 743 3584 period
774 3519 837 3569 of
872 3528 980 3570 two
1012 3519 1265 3570 membra.
