2373 4033
505 138 880 174 DIFFERENCES
921 139 1190 174 BETWEEN
1230 138 1558 175 AUGUSTINE
1597 140 1714 175 AND
1754 141 1946 177 CICERO
2192 141 2254 193 53

195 293 422 360 urgendi
452 293 764 345 videantur:
814 302 922 356 aut,
957 294 1000 344 si
1034 291 1140 344 iam
1173 292 1226 344 id
1259 302 1439 359 agunt,
1473 303 1530 345 ut
1563 302 1722 360 agant
1757 295 2063 356 studiosius,
2099 305 2256 360 atque

198 379 252 428 in
278 395 340 429 eo
366 379 589 429 firmiter
615 385 972 443 perseverent.
1039 379 1122 428 Ita
1149 377 1206 428 fit
1234 387 1292 428 ut
1319 379 1478 428 etiam
1506 380 1785 443 temperati
1810 381 2018 444 generis
2047 389 2255 441 ornatu,

196 480 305 514 non
347 462 618 523 iactanter,
663 463 755 513 sed
794 462 1088 526 prudenter
1127 470 1371 511 utamur:
1413 477 1519 512 non
1562 463 1673 513 eius
1714 463 1816 513 fine
1858 464 2108 524 contenti,
2152 481 2256 529 quo

195 546 568 598 tantummodo
609 547 904 597 delectatur
942 545 1184 606 auditor;
1242 544 1335 595 sed
1373 544 1473 596 hoc
1510 546 1687 609 potius
1728 555 1959 612 agenteS,
2001 556 2058 597 ut
2098 548 2259 598 etiam

197 631 313 696 ipso
339 631 408 682 ad
434 631 635 682 bonum
660 630 803 695 quod
830 629 1154 694 persuadere
1177 629 1441 689 volumu5‚
1471 630 1770 680 adiuvetur.
1845 631 1937 695 (D.
1970 632 2034 683 D.
2069 631 2124 682 C.
2161 632 2256 692 IV,

197 728 278 780 25·
304 716 421 780 55)-

1180 809 1271 875 (4)

265 923 398 973 THE
431 922 907 972 ECCLESIASTICAL
941 920 1171 973 ORATOR
1204 936 1430 973 SHoULD
1465 922 1620 971 PRAY
1654 937 1859 972 BEFORE
1895 923 2193 974 SPEAKING

301 1033 530 1100 Though
565 1035 653 1086 the
688 1034 1062 1086 ecclesiastical
1094 1044 1280 1085 orator
1313 1034 1381 1086 do
1415 1034 1482 1086 all
1517 1034 1582 1086 he
1617 1052 1715 1085 can
1749 1042 1803 1086 to
1837 1034 1901 1085 be
1935 1034 2100 1086 heard
2134 1035 2262 1085 with

196 1119 544 1186 intelligence,
585 1120 714 1170 with
753 1121 1012 1184 pleasure,
1052 1120 1157 1171 and
1198 1115 1326 1170 with
1367 1120 1668 1180 obedience,
1710 1119 1754 1169 if
1795 1120 1860 1171 he
1902 1121 2139 1180 succeed,
2183 1121 2263 1171 his

195 1220 406 1256 success
435 1204 541 1255 will
571 1204 634 1256 be
663 1205 766 1256 due
795 1221 943 1255 more
971 1211 1028 1255 to
1053 1205 1198 1268 piety
1226 1205 1279 1254 in
1307 1220 1500 1268 prayer
1528 1203 1656 1254 than
1686 1212 1740 1254 to
1771 1203 1860 1255 the
1889 1204 2022 1270 gifts
2053 1204 2112 1255 of
2144 1220 2261 1254 ora-

199 1297 333 1354 tory.
406 1289 493 1340 He
529 1289 721 1340 should
754 1306 886 1354 pray
921 1289 1049 1339 both
1086 1289 1173 1339 for
1206 1288 1422 1338 himself
1457 1288 1562 1338 and
1601 1289 1687 1338 for
1721 1289 1872 1339 those
1908 1289 2084 1338 whom
2120 1289 2186 1338 he
2220 1289 2263 1338 is

199 1374 363 1424 about
388 1381 442 1424 to
468 1373 708 1424 address.
771 1373 950 1423 When
977 1373 1066 1423 the
1090 1372 1216 1424 time
1245 1388 1422 1422 comes
1452 1373 1539 1422 for
1566 1372 1676 1421 him
1704 1381 1760 1422 to
1790 1372 1952 1436 speak
1979 1371 2045 1422 he
2075 1372 2266 1422 should

198 1457 288 1519 lift
315 1473 387 1522 up
416 1458 498 1508 his
527 1458 721 1522 thirsty
752 1457 866 1508 soul
896 1465 950 1509 to
981 1456 1100 1508 God
1129 1457 1235 1508 and
1264 1456 1421 1507 drink
1452 1457 1504 1506 in
1534 1455 1649 1507 that
1679 1456 1852 1506 which
1883 1456 1947 1507 he
1976 1457 2019 1507 is
2052 1473 2182 1507 soon
2211 1464 2266 1507 to

198 1557 334 1606 pour
362 1541 526 1593 forth.
554 1542 669 1592 The
694 1540 929 1605 subjects
952 1558 1020 1592 on
1045 1540 1218 1591 which
1242 1540 1306 1591 he
1330 1558 1451 1605 may
1477 1540 1640 1605 speak
1663 1558 1754 1591 are
1777 1558 1952 1605 many,
1980 1541 2085 1591 and
2109 1558 2268 1605 many

197 1643 288 1677 are
325 1624 415 1677 the
452 1643 598 1690 ways
634 1624 696 1675 of
736 1624 995 1691 speaking
1028 1641 1100 1675 on
1138 1625 1298 1684 them,
1338 1624 1431 1676 but
1467 1623 1511 1674 it
1547 1625 1590 1675 is
1631 1624 1749 1676 God
1789 1624 1910 1675 who
1949 1624 2135 1676 knows
2176 1625 2265 1675 the

198 1709 376 1761 hearts
414 1710 474 1761 of
513 1710 598 1770 all,
639 1710 743 1763 and
782 1709 903 1760 how
940 1717 997 1760 to
1035 1717 1218 1761 attune
1257 1709 1385 1760 both
1425 1709 1650 1773 speaker
1686 1709 1791 1760 and
1829 1709 2060 1760 hearers.
2135 1708 2266 1776 Agit

194 1795 374 1860 itaque
396 1802 580 1845 noster
603 1795 702 1846 iste
725 1793 994 1859 eloquens,
1021 1811 1143 1844 cum
1169 1802 1220 1845 et
1243 1795 1384 1845 iusta
1407 1803 1458 1845 et
1482 1802 1664 1844 sancta
1684 1803 1739 1844 -et
1764 1794 1902 1844 bona
1923 1794 2070 1853 dicit,
2096 1810 2267 1857 neque

195 1879 338 1930 enim
368 1879 471 1930 alia
503 1878 658 1930 debet
691 1880 896 1939 dicere3
946 1879 1054 1944 agit
1087 1896 1213 1943 ergo
1248 1886 1508 1942 quantum
1539 1886 1714 1942 potest
1747 1894 1866 1928 cum
1898 1879 1998 1929 ista
2031 1878 2173 1938 dicit,
2207 1886 2265 1927 ut

202 1963 570 2030 intelligenter,
606 1973 665 2015 ut
697 1964 936 2024 libenter,
972 1972 1030 2014 ut
1063 1963 1374 2014 obedienter
1405 1963 1683 2014 audiatur:
1754 1972 1804 2013 et
1838 1964 1967 2013 haec
2005 1981 2059 2014 se
2093 1979 2264 2027 posse,

199 2050 242 2100 si
277 2049 527 2113 potuerit,
565 2058 615 2099 et
651 2049 703 2099 in
735 2058 994 2112 quantum
1030 2049 1279 2112 potuerit,
1314 2049 1509 2112 pietate
1544 2049 1713 2114 magis
1750 2048 2069 2108 orationum,
2108 2063 2267 2110 quam

200 2142 479 2184 oratorum
513 2132 771 2184 facultate
801 2150 908 2183 non
941 2130 1174 2193 dubitet;
1223 2139 1281 2181 ut
1312 2131 1516 2183 orando
1547 2148 1645 2196 pro
1677 2149 1746 2190 se,
1781 2149 1840 2181 ac
1872 2148 1968 2195 pro
1999 2129 2102 2181 illis
2135 2147 2268 2194 quos

198 2226 278 2268 est
309 2217 653 2277 allocuturuS,
689 2217 755 2268 sit
784 2225 969 2268 orator
1001 2225 1288 2281 antequam
1320 2216 1505 2267 dictor.
1577 2216 1700 2280 Ipsa
1731 2215 1864 2267 hora
1896 2217 2003 2266 iam
2035 2223 2092 2265 ut
2125 2216 2265 2265 dicat

199 2303 474 2364 accedens,
511 2300 827 2367 priusquam
863 2310 1077 2353 exserat
1114 2301 1483 2366 proferentem
1519 2302 1770 2367 linguam,
1811 2301 1879 2352 ad
1918 2301 2094 2351 Deum
2131 2301 2267 2350 levet

199 2388 434 2438 animam
485 2387 767 2448 sitientem,
820 2395 877 2437 ut
930 2394 1133 2438 eructet
1184 2386 1327 2451 quod
1379 2386 1585 2446 biberit,
1638 2386 1720 2437 vel
1773 2386 1916 2449 quod
1967 2383 2265 2450 impleverit

199 2472 410 2524 fundat.
485 2471 625 2522 Cum
660 2470 799 2524 enim
836 2472 900 2523 de
938 2487 1258 2536 unaquaque
1295 2488 1367 2532 re,
1406 2487 1541 2535 quae
1581 2471 1875 2522 secundum
1910 2469 2070 2520 fidem
2109 2469 2263 2519 dilec-

196 2557 502 2621 tionemque
538 2558 816 2608 tractanda
856 2566 993 2618 sunt,
1029 2558 1195 2608 multa
1235 2556 1337 2608 sint
1375 2573 1509 2620 quae
1548 2557 1807 2613 dicantur,
1847 2564 1896 2605 et
1931 2556 2081 2604 multi
2121 2555 2263 2604 modi

198 2642 389 2707 quibus
424 2641 670 2694 dicantur
701 2642 767 2693 ab
800 2643 874 2693 eis
908 2644 997 2707 qui
1032 2642 1161 2693 haec
1196 2642 1397 2703 sciunt;
1448 2639 1536 2706 qui
1571 2641 1719 2692 novit
1753 2640 1880 2704 quid
1913 2641 1979 2690 ad
2013 2656 2263 2704 praesens

197 2734 422 2792 tempuS,
453 2727 537 2778 vel
569 2727 720 2779 nobis
754 2725 943 2788 dicere,
975 2728 1058 2779 vel
1090 2744 1185 2791 per
1215 2745 1311 2778 nos
1344 2726 1593 2790 expediat
1625 2725 1814 2785 audiri,
1848 2723 1948 2775 nisi
1981 2725 2069 2787 qui
2102 2724 2263 2774 corda

197 2812 439 2863 omnium
482 2810 663 2863 videt?
725 2820 775 2862 et
819 2813 938 2876 quis
985 2812 1116 2862 facit
1159 2820 1218 2862 ut
1262 2812 1405 2875 quod
1447 2819 1673 2874 oportet,
1721 2818 1771 2860 et
1814 2809 2263 2873 quemadmodum

196 2904 424 2961 oportet,
457 2894 666 2948 dicatur
696 2914 726 2947 a
755 2896 924 2959 nobis,
955 2896 1057 2947 nisi
1090 2895 1141 2946 in
1174 2896 1323 2946 cuius
1355 2911 1516 2945 manu
1548 2903 1670 2946 sunt
1701 2903 1752 2945 et
1782 2912 1877 2944 nos
1910 2903 1960 2944 et
1993 2909 2263 2944 sermones

196 2981 403 3032 nostri?
486 2981 640 3046 (Sap.
682 2981 809 3044 VII,
856 2981 969 3046 16).
1044 2981 1124 3031 Ac
1164 2998 1256 3045 per
1296 2981 1410 3040 hoc,
1452 2981 1619 3030 discat
1657 2980 1871 3043 quidem
1912 2979 2088 3029 omnia
2129 2993 2262 3040 quae

199 3065 439 3117 docenda
475 3074 613 3125 sunt,
653 3066 742 3129 qui
781 3072 830 3116 et
868 3081 1024 3115 nosse
1062 3067 1176 3115 vult
1214 3073 1265 3115 et
1304 3064 1521 3114 docere:
1581 3063 1997 3126 facultatemque
2037 3059 2260 3121 dicendi,

199 3159 258 3200 ut
288 3151 438 3201 decet
467 3151 644 3200 virum
677 3149 1112 3209 ecclesiasticum,
1146 3157 1446 3213 comparet:
1479 3148 1547 3199 ad
1577 3149 1764 3198 horam
1796 3164 1922 3196 vero
1956 3146 2121 3211 ipsius
2153 3143 2262 3196 dic-

200 3235 374 3295 tioniS,
407 3235 536 3285 illud
565 3235 743 3299 potius
773 3234 943 3285 bonae
972 3234 1136 3283 menti
1167 3233 1362 3298 cogitet
1393 3233 1677 3282 convenire
1707 3231 1849 3295 quod
1878 3230 2141 3280 Dominus
2171 3229 2260 3288 ait,

200 3318 417 3369 “Nolite
453 3320 685 3385 cogitare
722 3319 990 3382 quomodo
1028 3327 1118 3369 aut
1154 3318 1280 3381 quid
1317 3315 1636 3380 loquamini;
1690 3315 1901 3365 dabitur
1939 3315 2078 3364 enim
2112 3313 2261 3363 vobis

199 3402 252 3452 in
288 3401 375 3452 illa
410 3401 541 3454 hora
575 3402 702 3466 quid
737 3402 1054 3466 loquamini:
1107 3419 1213 3452 non
1250 3403 1388 3452 enim
1424 3418 1519 3450 vos
1554 3400 1678 3450 estis
1714 3399 1803 3461 qui
1839 3396 2130 3461 loquimini,
2170 3396 2260 3446 sed

206 3484 438 3550 Spiritus
467 3486 643 3536 Patris
669 3487 834 3537 vestri
861 3485 950 3551 qui
978 3486 1215 3550 loquitur
1242 3486 1294 3535 in
1322 3483 1522 3534 vobis’'.
1595 3482 1782 3547 (Matt.
1815 3481 1881 3541 X,
1919 3494 1978 3544 19
2006 3479 2110 3530 and
2139 3479 2258 3544 20).
