2373 4033
892 417 932 468 I.
1009 416 1609 468 INTRODUCTION

323 513 439 565 The
476 523 824 578 controversy
860 513 1099 564 between
1137 513 1228 565 the
1265 513 1636 578 philosophers
1673 515 1779 565 and
1819 512 2166 566 rhetoricians
2206 531 2286 565 re-

221 599 450 665 garding
479 599 568 649 the
599 598 818 649 relative
846 598 1032 649 ¹merits
1064 599 1123 649 of
1151 596 1471 663 philosophy
1501 599 1606 649 and
1640 598 1887 659 rhetoric,
1922 598 2285 664 respectively‚

222 683 328 733 had
368 699 506 748 gone
547 700 615 733 on
658 683 742 733 for
783 683 1049 733 centuries
1091 683 1278 733 before
1323 682 1398 733 St.
1440 683 1789 747 Augustine's
1831 683 1973 746 day.1
2052 683 2286 748 Feeling‚

219 766 510 826 therefore,
542 766 657 816 that
686 765 895 817 neither
925 765 1244 831 philosophy
1274 784 1375 818 nor
1404 765 1636 817 rhetoric
1667 783 1776 817 was
1811 765 2072 817 sufficient
2103 764 2288 816 within

219 850 368 902 itself
411 851 502 901 for
537 850 626 903 the
666 851 950 902 education
986 851 1049 902 of
1090 851 1180 902 the
1220 851 1597 902 ecclesiastical
1635 859 1834 912 orator,
1874 851 1968 900 but
2007 850 2122 902 that
2161 850 2290 902 both

225 954 366 988 were
403 936 544 987 alike
580 936 843 997 essential,
884 936 938 986 in
975 936 1040 986 D.
1082 936 1147 986 D.
1191 936 1246 987 C.
1291 936 1388 997 IV,
1430 949 1461 1000 7
1497 936 1603 986 and
1641 935 1688 996 8,
1730 936 1796 986 he
1831 951 2161 1001 encourages
2202 936 2290 986 the

223 1021 581 1085 employment
615 1020 676 1072 of
712 1020 841 1072 both
875 1028 930 1071 to
964 1019 1055 1070 the
1088 1020 1191 1071 end
1227 1019 1343 1071 that
1377 1019 1466 1071 the
1499 1027 1686 1071 orator
1719 1037 1842 1085 may
1878 1019 2037 1084 equip
2072 1017 2289 1071 himself

223 1106 351 1157 with
385 1106 474 1157 the
505 1106 620 1156 best
649 1105 886 1171 training
913 1106 1144 1170 possible
1178 1106 1265 1156 for
1296 1105 1378 1156 his
1410 1104 1756 1170 profession.2
1824 1105 1913 1156 He
1944 1105 2124 1155 would
2156 1105 2292 1154 have

333 1228 515 1275 ²Notes
546 1230 671 1273 from
700 1229 834 1274 Prof.
864 1229 1235 1274 Hendrickson’s
1264 1229 1497 1274 Research
1528 1228 1707 1274 Course
1736 1230 1781 1272 in
1814 1227 1990 1280 Cicero,
2021 1227 2295 1282 University

220 1301 275 1345 of
303 1300 522 1354 Chicago,
555 1314 673 1355 1903.

334 1375 388 1418 In
413 1373 472 1418 A.
502 1373 680 1417 Gellius
707 1373 814 1426 XV,
846 1386 950 1427 11.2,
981 1373 1179 1417 Crassus
1208 1373 1427 1417 banishes
1454 1373 1533 1416 the
1560 1372 1774 1416 teachers
1802 1372 1857 1415 of
1887 1372 2100 1416 rhetoric.

333 1444 509 1488 Sextus
539 1443 804 1498 Empiricus
834 1443 1045 1488 contains
1077 1459 1134 1488 an
1166 1452 1363 1488 account
1394 1443 1449 1488 of
1479 1443 1558 1487 the
1588 1444 1745 1487 attack
1777 1443 1831 1486 of
1861 1443 1942 1486 the
1972 1442 2296 1495 philosophers

224 1530 284 1559 on
316 1516 530 1560 rhetoric.
594 1513 726 1566 Πρὸς
751 1512 1100 1567 μαθηματικούς
1124 1513 1161 1556 Β
1195 1513 1406 1566 (Bekker
1427 1527 1470 1567 p.
1494 1513 1590 1566 678.
1616 1525 1672 1556 20
1697 1512 1757 1566 f.)
1789 1511 1921 1565 Πρὸς
1946 1511 2177 1565 Ρήτορας,
2204 1525 2299 1555 sec-

224 1587 321 1631 tion
350 1599 416 1630 20.

331 1654 418 1701 ²D.
445 1657 503 1701 D.
531 1656 581 1700 C.
609 1657 689 1708 IV,
720 1667 758 1709 7,
783 1656 833 1700 8:
881 1655 973 1700 Sed
1001 1671 1104 1699 cum
1132 1656 1210 1699 alii
1242 1655 1418 1699 faciant
1445 1655 1620 1707 obtuse,
1651 1655 1942 1706 deformiter,
1977 1655 2172 1707 frigide;
2219 1653 2296 1698 alii

222 1736 367 1780 acute,
412 1735 588 1779 ornate,
631 1726 953 1778 vehementer;
1000 1726 1131 1770 illum
1176 1726 1233 1769 ad
1278 1727 1364 1769 hoc
1407 1740 1523 1779 opus
1565 1725 1688 1770 unde
1732 1727 1926 1778 agimus,
1983 1726 2073 1768 iam
2119 1733 2300 1778 oportet

227 1797 461 1850 accedere,
512 1798 589 1850 qui
640 1805 792 1850 potest
843 1797 1081 1850 disputare
1132 1798 1205 1840 vel
1259 1796 1414 1840 dicere
1467 1795 1710 1848 sapienter,
1765 1795 1945 1839 etiamsi
1998 1810 2092 1839 non
2145 1803 2298 1848 potest

223 1870 504 1922 eloquenter,
542 1877 591 1912 ut
630 1869 778 1922 prosit
818 1868 1125 1920 audientibus,
1168 1867 1348 1912 etiamsi
1389 1868 1541 1911 minus
1583 1883 1721 1921 quam
1763 1868 1998 1920 prodesse,
2041 1869 2078 1912 si
2121 1874 2164 1911 et
2205 1868 2299 1911 elo-

228 1948 422 1993 quenter
459 1948 615 1992 posset
654 1940 819 1983 dicere.
884 1939 977 1993 Qui
1053 1954 1169 1983 vero·
1206 1938 1349 1983 affluit
1389 1939 1623 1991 insipienti
1663 1939 1939 1991 eloquentia,
1978 1946 2110 1982 tanto
2149 1937 2297 1991 magis

229 2012 464 2056 cavendus
498 2019 578 2063 est,
617 2020 790 2065 quanto
826 2011 976 2064 magis
1013 2011 1069 2054 ab
1105 2026 1160 2054 eo
1196 2011 1242 2053 in
1281 2010 1335 2054 iis
1372 2025 1489 2063 quae
1526 2009 1689 2054 audire
1726 2011 1886 2054 inutile
1924 2018 2003 2061 est,
2041 2010 2297 2053 delectatur

224 2083 424 2136 auditor,
462 2090 507 2127 et
543 2098 647 2127 cum
685 2082 905 2136 quoniam
945 2083 1116 2126 diserte
1156 2082 1307 2126 dicere
1347 2081 1489 2133 audit,
1529 2081 1668 2126 etiam
1706 2096 1815 2125 vere
1855 2081 2007 2125 dicere
2049 2080 2298 2124 existimat.

227 2155 356 2199 Haec
409 2164 563 2199 autem
618 2155 842 2198 sententia
897 2169 979 2198 nec
1034 2155 1138 2198 illos
1192 2154 1325 2206 fugit,
1380 2155 1456 2206 qui
1509 2162 1654 2197 artem
1709 2154 1988 2197 rhetoricam
2041 2152 2297 2198 docendam

229 2233 476 2278 putarunt:
521 2225 634 2268 fassi
675 2233 780 2268 sunt
818 2225 940 2268 enim
981 2224 1254 2276 sapientiam
1293 2224 1389 2267 sine
1425 2224 1687 2276 eloquentia
1725 2238 1888 2276 parum
1926 2222 2150 2276 prodesse
2189 2222 2298 2266 civi·

231 2297 427 2348 tatibus;
473 2297 783 2350 eloquentiam
825 2311 938 2340 vero
982 2297 1078 2339 sine
1122 2295 1347 2347 sapientia
1389 2295 1583 2338 nimium
1627 2295 1789 2339 obesse
1831 2295 2115 2348 plerumque,
2158 2294 2299 2348 prod-

226 2383 327 2412 esse
377 2382 626 2421 nunquam.
710 2367 758 2411 Si
811 2382 924 2420 ergo
972 2367 1060 2411 hoc
1110 2367 1176 2410 illi
1228 2366 1304 2420 qui
1357 2375 1602 2419 praecepta
1653 2367 1941 2420 eloquentiae
1994 2365 2299 2419 tradiderunt,

226 2440 271 2483 in
314 2440 486 2483 eisdem
526 2439 656 2483 libris
697 2440 743 2482 in
784 2439 949 2491 quibus
989 2439 1035 2482 id
1077 2447 1284 2491 egerunt,
1324 2439 1520 2484 veritate
1562 2439 1813 2491 instigante
1853 2439 1999 2482 coacti
2044 2445 2149 2482 sunt
2189 2451 2297 2481 con-

228 2509 360 2562 fiteri,
393 2523 565 2562 veram,
597 2509 683 2553 hoc
715 2517 795 2562 est,
829 2523 1075 2562 supernam
1107 2522 1224 2561 quae
1256 2525 1282 2554 a
1315 2509 1452 2552 Patre
1485 2509 1711 2552 luminum
1743 2508 1992 2560 descendit,
2027 2507 2299 2561 sapientiam

226 2581 509 2631 nescientes;
547 2588 720 2631 quanto
756 2580 904 2632 magis
941 2594 1024 2623 nos
1062 2594 1154 2623 non
1192 2579 1314 2625 aliud
1353 2580 1523 2623 sentire
1558 2578 1790 2632 debemus,
1828 2579 1902 2631 qui
1941 2578 2082 2630 hujus
2120 2578 2298 2631 sapien-

226 2649 318 2693 tiae
356 2649 439 2693 filii
479 2657 523 2694 et
561 2648 763 2693 ministri
803 2649 992 2693 sumus?
1063 2649 1308 2702 Sapienter
1345 2656 1500 2693 autem
1542 2649 1654 2692 dicit
1692 2649 1833 2692 homo
1871 2655 2002 2692 tanto
2041 2647 2189 2700 magis
2228 2647 2301 2690 vel

228 2722 392 2774 minus,
433 2727 605 2773 quanto
646 2721 691 2764 in
735 2720 987 2773 Scripturis
1029 2721 1198 2765 sanctis
1238 2721 1386 2773 magis
1425 2721 1498 2764 vel
1539 2721 1705 2772 minus,
1745 2726 1918 2771 quanto
1958 2720 2004 2762 in
2048 2719 2299 2771 Scripturis

234 2791 404 2835 sanctis
461 2792 610 2844 magis
641 2791 853 2835 minusve
883 2790 1097 2843 profecit.
1160 2791 1268 2835 Non
1301 2790 1404 2834 dico
1438 2792 1481 2833 in
1516 2790 1581 2833 eis
1613 2791 1809 2833 multum
1842 2789 2049 2843 legendis
2081 2788 2300 2833 memori-

233 2877 375 2916 aeque
415 2862 706 2913 mandandis,
751 2861 831 2906 sed
870 2862 987 2906 bene
1025 2862 1353 2915 intelligendis,
1397 2870 1442 2905 et
1483 2861 1730 2914 diligenter
1773 2875 1935 2904 earum
1978 2860 2188 2904 sensibus
2231 2860 2300 2903 in-

227 2933 466 2988 dagandis.
521 2933 639 2978 Sunt
663 2933 784 2978 enirn
809 2935 885 2986 qui
911 2948 989 2977 eas
1012 2934 1185 2987 legunt,
1209 2942 1253 2977 et
1277 2933 1542 2986 negligunt;
1585 2934 1744 2985 legunt
1766 2941 1816 2976 ut
1843 2940 2043 2985 teneant,
2061 2932 2302 2985 negligunt

227 3019 284 3048 ne
320 3004 592 3058 intelligant.
660 3004 841 3057 Quibus
877 3004 1012 3057 longe
1051 3004 1149 3047 sine
1187 3003 1326 3048 dubio
1364 3003 1662 3056 praeferendi
1704 3011 1811 3047 sunt
1848 3003 1926 3056 qui
1961 3002 2102 3046 verba
2141 3016 2299 3046 earum

232 3075 387 3119 minus
410 3083 581 3128 tenent,
608 3083 651 3119 et
679 3090 758 3118 cor
787 3090 945 3119 earum
975 3075 1042 3118 sui
1072 3074 1227 3118 cordis
1256 3073 1401 3118 oculis
1429 3073 1600 3117 vident.
1661 3073 1753 3118 Sed
1781 3073 1989 3126 utrisque
2019 3072 2093 3117 ille
2121 3071 2300 3124 melior,

233 3147 310 3200 qui
341 3155 385 3190 et
414 3162 518 3190 cum
547 3147 671 3190 volet
703 3161 779 3190 eas
811 3146 932 3197 dicit,
965 3154 1010 3190 et
1042 3146 1158 3190 sicut
1190 3153 1374 3198 oportet
1403 3145 1630 3198 intelligit.

345 3218 471 3262 Huic
503 3233 614 3272 ergo
645 3219 722 3272 qui
757 3218 987 3271 sapienter
1020 3217 1154 3261 debet
1187 3217 1350 3269 dicere,
1385 3216 1523 3261 etiarn
1556 3216 1681 3270 quod
1712 3231 1806 3261 non
1835 3224 1988 3270 potest
2019 3217 2301 3270 eloquenter,

234 3290 375 3333 verba
412 3289 758 3342 Scripturarum
792 3299 948 3334 tenere
983 3289 1187 3333 maxime
1223 3289 1537 3333 necessarium
1573 3297 1653 3332 est.
1720 3288 1912 3341 Quanto
1946 3287 2067 3332 enim
2105 3303 2152 3333 se
2188 3301 2300 3340 pau-

235 3361 465 3414 periorem
504 3362 651 3405 cernit
688 3362 733 3404 in
772 3362 880 3414 suis,
917 3369 1051 3405 tanto
1086 3376 1191 3404 eum
1226 3369 1409 3413 oportet
1446 3361 1493 3403 in
1531 3360 1630 3404 istis
1669 3374 1768 3403 esse
1806 3359 2049 3411 ditiorem;
2089 3368 2139 3403 ut
2176 3356 2301 3412 quod

233 3431 404 3476 dixerit
438 3431 534 3476 suis
566 3432 734 3485 verbis,
769 3432 933 3486 probet
966 3447 1024 3476 ex
1059 3433 1176 3484 illis;
1225 3439 1270 3476 et
1303 3432 1380 3486 qui
1416 3432 1617 3485 propriis
1649 3431 1806 3475 verbis
1836 3431 1992 3474 minor
2025 3437 2137 3482 erat,
2173 3443 2302 3482 mag-

232 3517 401 3547 norum
435 3503 702 3548 testimonio
735 3503 1079 3556 quodammodo
1113 3512 1302 3550 crescat.
1369 3502 1617 3548 Probando
1652 3503 1774 3546 enim
1808 3502 2004 3546 delectat
2039 3502 2117 3553 qui
2150 3501 2302 3545 minus
