2373 4033
200 459 354 512 XIV.
430 459 1032 512 FUNDAMENTAL
1071 458 1605 513 DIFFERENCES
1648 458 2030 511 BETWEEN

633 558 1089 612 AUGUSTINE
1118 559 1283 610 AND
1315 557 1596 611 CICERO

1069 672 1161 739 (1)

77 785 211 836 Tm:
251 785 730 837 Eccfflsmsncm„
752 785 983 838 ORATOR
1008 799 1057 835 ls
1080 785 1467 837 CONSTANTIA(
1490 785 1758 837 DEALING
1782 799 1940 836 wrm
1968 783 2160 837 Gumi-

552 898 734 948 Tum
748 912 834 958 1355
858 898 992 948 Tne
1017 898 1203 948 LEGAL
1226 898 1457 949 ORATOR
1482 913 1531 948 1s
1557 897 1681 948 No‘r

182 1009 300 1062 The
328 1010 482 1064 three
518 1010 889 1062 fundamental
922 1008 1209 1075 principles
1241 1010 1302 1060 of
1336 1010 1425 1063 the
1457 1018 1608 1077 great
1640 1009 1853 1062 Roman
1884 1019 2072 1061 orator
2102 1006 2157 1059 in

83 1093 396 1162 fashioning
439 1113 508 1147 an
554 1097 802 1160 eloquent
847 1113 972 1147 man
1019 1113 1110 1147 are
1156 1094 1344 1161 briefly
1391 1096 1497 1147 and
1545 1096 1838 1160 succinctly
1883 1095 2058 1146 stated
2105 1095 2160 1146 in

77 1178 294 1242 Orator,
326 1196 405 1246 29.
445 1195 564 1232 101:
614 1181 666 1232 Is
697 1182 858 1248 igitur
885 1182 984 1232 erit
1013 1183 1282 1244 eloquenS,
1313 1181 1402 1244 qui
1433 1182 1627 1245 poterit
1657 1197 1822 1245 parva
1854 1181 2153 1235 summisse.

75 1263 285 1318 modica
326 1274 633 1331 temperate,
675 1282 870 1332 magna
909 1266 1184 1331 granditer
1227 1263 1417 1316 dicere.
1494 1264 1799 1331 Augustine
1841 1262 2019 1330 points
2060 1273 2155 1316 out

80 1350 195 1402 that
229 1349 420 1403 Cicero
452 1351 608 1403 could
644 1350 779 1403 have
814 1350 1153 1417 exemplified
1188 1350 1337 1402 these
1371 1349 1520 1402 three
1554 1349 1842 1415 principles
1880 1367 1939 1402 so
1977 1349 2066 1402 far
2099 1367 2159 1401 as

78 1435 214 1503 legal
242 1437 516 1501 questions
545 1454 636 1490 are
664 1437 979 1497 concerned,
1008 1437 1101 1486 but
1131 1436 1286 1486 could
1316 1445 1408 1487 not
1437 1453 1497 1487 as
1527 1435 1748 1502 regards
1779 1433 2156 1486 ecclesiastical

76 1529 314 1574 matters.
376 1521 669 1587 Questions
694 1522 755 1573 of
780 1539 810 1573 a
834 1522 1124 1587 pecuniary
1148 1531 1340 1572 nature
1363 1538 1453 1573 are
1480 1521 1649 1581 small,
1674 1520 1827 1572 those
1852 1520 2159 1587 pertaining

78 1616 132 1659 to
158 1606 254 1658 life
277 1608 382 1659 and
407 1601 612 1672 liberty,
639 1617 805 1673 great.
851 1606 1015 1658 Cases
1040 1605 1213 1657 which
1239 1607 1376 1659 have
1401 1606 1627 1673 nothing
1653 1616 1709 1658 to
1734 1607 1802 1658 do
1829 1605 1959 1657 with
1985 1606 2155 1658 either

76 1691 138 1744 of
174 1691 337 1753 these,
374 1692 468 1743 but
502 1709 592 1744 are
627 1691 881 1744 intended
919 1693 1118 1757 merely
1154 1701 1210 1742 to
1243 1693 1363 1759 give
1399 1693 1662 1757 pleasure,
1697 1708 1904 1758 occupy
1939 1709 1970 1744 a
2006 1691 2155 1757 place

76 1778 324 1842 midway‚
359 1795 416 1829 as
451 1778 489 1829 it
525 1794 680 1836 were,
717 1778 955 1829 between
988 1777 1079 1829 the
1115 1787 1238 1839 tw0,
1275 1778 1382 1829 and
1417 1777 1694 1829 therefore
1727 1795 1850 1843 may
1886 1777 1949 1829 be
1985 1776 2155 1829 called

74 1862 336 1929 middling
367 1881 431 1914 or
460 1864 748 1915 moderate.
819 1862 907 1914 On
940 1863 1028 1915 the
1060 1863 1214 1914 other
1246 1863 1390 1914 hand
1423 1863 1511 1913 the
1544 1862 1920 1914 ecclesiastical
1954 1872 2151 1922 orator,

84 1947 229 2000 from
259 1947 340 2000 his
369 1949 582 2000 exalted
613 1948 844 2013 position
875 1948 935 2000 of
966 1947 1255 2013 authority,
1288 1949 1571 2000 addresses
1603 1947 1691 2000 the
1723 1949 1910 2013 people
1941 1947 2160 2015 regard-

81 2033 172 2101 ing
202 2032 340 2085 their
371 2034 651 2094 salvation,
684 2034 944 2099 temporal
975 2052 1035 2085 as
1069 2035 1187 2084 well
1221 2052 1278 2085 as
1311 2033 1531 2095 eternal‚
1566 2035 1670 2084 and
1704 2033 1981 2085 therefore
2014 2033 2158 2085 what

79 2119 145 2171 he
176 2137 295 2184 says
322 2136 392 2170 on
422 2119 489 2170 all
518 2127 757 2179 matterS,
788 2137 920 2171 even
949 2120 1038 2170 the
1069 2119 1375 2185 pecuniary‚
1403 2119 1573 2186 ought
1600 2128 1694 2170 not
1725 2128 1779 2170 to
1811 2136 1956 2170 seem
1985 2120 2155 2169 unim-

80 2213 312 2270 portant,
342 2204 429 2256 for
455 2203 647 2270 justice
673 2206 717 2256 is
743 2222 906 2256 never
930 2206 1315 2269 unimportant.
1379 2205 1530 2256 Haec
1557 2214 1737 2256 autem
1763 2202 1865 2256 tria
1890 2203 1994 2264 ille,
2023 2204 2159 2256 sicut

79 2289 144 2341 ab
177 2307 241 2341 eo
273 2290 413 2342 dicta
448 2299 587 2352 sunt,
619 2291 672 2341 in
706 2289 880 2342 causis
916 2288 1224 2342 forensibus
1256 2299 1437 2355 posset
1471 2291 1784 2352 ostendere;
1836 2307 1943 2341 non
1978 2297 2158 2341 autem

81 2376 182 2437 hic,
205 2374 306 2427 hoc
330 2385 409 2427 est
435 2375 486 2426 in
512 2373 881 2428 ecclesiasticis
906 2375 1324 2440 quaestionibus,
1353 2376 1405 2426 in
1430 2375 1622 2441 quibus
1648 2373 1973 2436 huiusmodi,
2000 2391 2160 2440 quem

80 2461 329 2513 volumus
356 2461 667 2519 informare,
696 2477 870 2513 sermo
896 2469 1157 2512 versatur.
1223 2462 1286 2511 In
1312 2459 1414 2512 illis
1441 2459 1583 2512 enim
1609 2479 1670 2512 ea
1696 2478 1864 2526 parva
1891 2459 2157 2521 dicuntur,

82 2546 171 2597 ubi
209 2546 273 2598 de
312 2546 469 2598 rebus
505 2543 826 2611 pecuniariis
865 2546 1213 2597 iudicandum
1249 2555 1357 2607 est;
1411 2564 1475 2598 ea
1509 2563 1722 2613 magna,
1758 2546 1847 2597 ubi
1886 2547 1951 2598 de
1990 2544 2160 2597 salute

84 2649 145 2682 ac
183 2632 253 2683 de
294 2632 467 2697 capite
508 2631 815 2683 hominum:
858 2648 919 2682 ea
960 2649 1089 2682 vero
1133 2632 1220 2681 ubi
1263 2632 1390 2681 nihil
1435 2632 1628 2682 horum
1671 2631 2020 2683 iudicandum
2063 2639 2157 2691 est,

81 2716 317 2781 nihilque
348 2717 524 2783 agitur
557 2725 612 2766 ut
646 2727 767 2782 agat
802 2716 911 2767 sive
944 2717 1211 2772 decernat.
1247 2717 1338 2767 sed
1372 2717 1745 2768 tantummodo
1778 2725 1836 2767 ut
1869 2717 2162 2768 delectetur

82 2800 313 2861 auditor,
360 2800 496 2852 inter
541 2810 828 2865 utrumque
871 2800 1023 2865 quasi
1068 2798 1261 2860 media,
1305 2808 1357 2852 et
1399 2800 1470 2851 ob
1515 2800 1615 2852 hoc
1658 2798 1886 2861 modica,
1934 2799 2035 2852 hoc
2080 2807 2160 2851 est

82 2886 360 2938 moderata
401 2886 670 2937 dixerunt.
751 2884 984 2938 Modicis
1026 2887 1172 2937 enim
1211 2886 1407 2937 modus
1449 2902 1645 2938 nomen
1691 2885 1972 2950 imposuit:
2034 2901 2160 2936 nam

78 2971 291 3023 modica
330 2987 431 3036 pro
471 2971 653 3036 parvis
695 2970 933 3032 abusive,
978 2987 1086 3022 non
1128 2971 1345 3036 proprie
1387 2970 1632 3023 dicimus,
1715 2970 1779 3020 In
1822 2970 1937 3021 istis
1980 2978 2160 3021 autem

84 3055 296 3115 nostriS,
355 3055 789 3120 quandoquidem
846 3056 1042 3115 omnia,
1099 3056 1335 3106 maxime
1391 3071 1527 3119 quae
1586 3055 1652 3106 de
1707 3055 1825 3106 loco
1884 3053 2160 3119 superiore

87 3140 297 3205 populis
330 3138 575 3199 dicimuS,
609 3140 675 3191 ad
710 3140 985 3191 hominum
1022 3141 1263 3200 salutem,
1299 3158 1394 3192 nec
1427 3140 1825 3206 temporariam,
1862 3139 1955 3191 sed
1988 3148 2160 3190 aeter·

85 3240 210 3275 nam
254 3223 460 3276 referre
506 3224 776 3285 debemus,
822 3224 909 3275 ubi
955 3224 1114 3276 etiam
1159 3225 1427 3277 cavendus
1475 3233 1553 3276 est
1597 3233 1847 3276 aeternus
1891 3222 2158 3284 interituS,

85 3310 264 3360 omnia
295 3326 489 3375 magna
522 3319 644 3361 sunt
678 3326 813 3374 quae
846 3308 1103 3371 dicimus;
1153 3326 1321 3374 usque
1354 3310 1489 3361 adeo
1521 3319 1578 3360 ut
1612 3326 1707 3360 nec
1741 3309 1808 3360 de
1841 3309 1968 3373 ipsis
2001 3323 2159 3373 pecu-

86 3393 270 3445 niariis
314 3394 469 3445 rebus
512 3396 590 3446 vel
634 3395 972 3459 acquirendis
1015 3396 1098 3446 vel
1140 3395 1448 3446 amittendis
1491 3411 1657 3459 parva
1703 3394 1870 3444 videri
1915 3393 2159 3454 debeant,

85 3493 223 3542 quae
272 3478 460 3530 doctor
509 3476 897 3531 ecclesiasticus
951 3476 1093 3540 dicit,
1146 3479 1256 3530 sive
1310 3476 1374 3530 sit
1428 3477 1514 3529 illa
1565 3494 1776 3543 magna,
1831 3478 1943 3528 sive
1993 3493 2160 3542 parva

85 3563 324 3627 pecunia.
397 3562 583 3628 Neque
615 3563 756 3616 enim
787 3580 954 3630 parva
985 3572 1064 3615 est
1097 3563 1314 3620 iustitia,
1348 3579 1509 3628 quam
1541 3561 1788 3628 profecto
1821 3571 1873 3614 et
1908 3561 1959 3614 in
1993 3578 2159 3628 parva
