<?xml version="1.0" encoding="UTF-8"?>
<!DOCTYPE html PUBLIC "-//W3C//DTD XHTML 1.0 Transitional//EN"
    "http://www.w3.org/TR/xhtml1/DTD/xhtml1-transitional.dtd">
<html xmlns="http://www.w3.org/1999/xhtml" xml:lang="en" lang="en">
 <head>
  <title>
</title>
<meta http-equiv="Content-Type" content="text/html;charset=utf-8" />
  <meta name='ocr-system' content='tesseract 3.04.00' />
  <meta name='ocr-capabilities' content='ocr_page ocr_carea ocr_par ocr_line ocrx_word'/>
</head>
<body>
  <div class='ocr_page' id='page_1' title='image "./influenceofcicer00eskr_0036.png"; bbox 0 0 2373 4033; ppageno 0'>
   <div class='ocr_carea' id='block_1_1' title="bbox 331 450 2090 510">
    <p class='ocr_par' dir='ltr' id='par_1_1' title="bbox 331 450 2090 510">
     <span class='ocr_line' id='line_1_1' title="bbox 331 450 2090 510; baseline -0.003 0"><span class='ocrx_word' id='word_1_1' title='bbox 331 459 488 510; x_wconf 79' lang='lat' dir='ltr'>VIII.</span> <span class='ocrx_word' id='word_1_2' title='bbox 564 453 1117 510; x_wconf 82' lang='lat' dir='ltr'>COMBINATION</span> <span class='ocrx_word' id='word_1_3' title='bbox 1159 453 1259 506; x_wconf 88' lang='lat' dir='ltr'>OF</span> <span class='ocrx_word' id='word_1_4' title='bbox 1297 452 1457 504; x_wconf 91' lang='lat' dir='ltr'>THE</span> <span class='ocrx_word' id='word_1_5' title='bbox 1496 450 1760 503; x_wconf 90' lang='lat' dir='ltr'>THREE</span> <span class='ocrx_word' id='word_1_6' title='bbox 1801 451 2090 506; x_wconf 87' lang='lat' dir='ltr'>STYLES</span> 
     </span>
    </p>
   </div>
   <div class='ocr_carea' id='block_1_2' title="bbox 168 564 2258 3264">
    <p class='ocr_par' dir='ltr' id='par_1_2' title="bbox 168 564 2258 3264">
     <span class='ocr_line' id='line_1_2' title="bbox 288 564 2258 634; baseline -0.002 -12"><span class='ocrx_word' id='word_1_7' title='bbox 288 572 402 623; x_wconf 87' lang='lat' dir='ltr'>The</span> <span class='ocrx_word' id='word_1_8' title='bbox 434 567 808 622; x_wconf 85' lang='lat' dir='ltr'>ecclesiastical</span> <span class='ocrx_word' id='word_1_9' title='bbox 840 578 1026 620; x_wconf 87' lang='lat' dir='ltr'>orator</span> <span class='ocrx_word' id='word_1_10' title='bbox 1057 568 1223 634; x_wconf 87' lang='lat' dir='ltr'>ought</span> <span class='ocrx_word' id='word_1_11' title='bbox 1256 576 1348 617; x_wconf 91' lang='lat' dir='ltr'>not</span> <span class='ocrx_word' id='word_1_12' title='bbox 1382 566 1582 631; x_wconf 83' lang='lat' dir='ltr'>always</span> <span class='ocrx_word' id='word_1_13' title='bbox 1615 574 1671 618; x_wconf 92' lang='lat' dir='ltr'>to</span> <span class='ocrx_word' id='word_1_14' title='bbox 1704 564 1857 617; x_wconf 89' lang='lat' dir='ltr'>teach</span> <span class='ocrx_word' id='word_1_15' title='bbox 1891 565 1944 617; x_wconf 89' lang='lat' dir='ltr'>in</span> <span class='ocrx_word' id='word_1_16' title='bbox 1978 565 2067 618; x_wconf 91' lang='lat' dir='ltr'>the</span> <span class='ocrx_word' id='word_1_17' title='bbox 2102 565 2258 618; x_wconf 91' lang='lat' dir='ltr'>Plain</span> 
     </span>
     <span class='ocr_line' id='line_1_3' title="bbox 185 650 2255 723; baseline -0.003 -14"><span class='ocrx_word' id='word_1_18' title='bbox 185 658 348 723; x_wconf 81' lang='lat' dir='ltr'>Style‚</span> <span class='ocrx_word' id='word_1_19' title='bbox 378 674 438 707; x_wconf 90' lang='lat' dir='ltr'>or</span> <span class='ocrx_word' id='word_1_20' title='bbox 465 655 585 721; x_wconf 87' lang='lat' dir='ltr'>give</span> <span class='ocrx_word' id='word_1_21' title='bbox 615 654 789 719; x_wconf 90' lang='lat' dir='ltr'>praise</span> <span class='ocrx_word' id='word_1_22' title='bbox 818 655 871 704; x_wconf 88' lang='lat' dir='ltr'>in</span> <span class='ocrx_word' id='word_1_23' title='bbox 901 653 991 705; x_wconf 90' lang='lat' dir='ltr'>the</span> <span class='ocrx_word' id='word_1_24' title='bbox 1017 653 1337 717; x_wconf 89' lang='lat' dir='ltr'>Temperate</span> <span class='ocrx_word' id='word_1_25' title='bbox 1369 650 1532 717; x_wconf 85' lang='lat' dir='ltr'>Style,</span> <span class='ocrx_word' id='word_1_26' title='bbox 1560 667 1626 702; x_wconf 90' lang='lat' dir='ltr'>or</span> <span class='ocrx_word' id='word_1_27' title='bbox 1656 651 1820 716; x_wconf 90' lang='lat' dir='ltr'>speak</span> <span class='ocrx_word' id='word_1_28' title='bbox 1845 651 1909 703; x_wconf 84' lang='lat' dir='ltr'>of</span> <span class='ocrx_word' id='word_1_29' title='bbox 1939 660 2092 718; x_wconf 87' lang='lat' dir='ltr'>great</span> <span class='ocrx_word' id='word_1_30' title='bbox 2120 660 2255 704; x_wconf 89' lang='lat' dir='ltr'>mat-</span> 
     </span>
     <span class='ocr_line' id='line_1_4' title="bbox 184 735 2258 805; baseline -0.002 -11"><span class='ocrx_word' id='word_1_31' title='bbox 184 754 306 804; x_wconf 88' lang='lat' dir='ltr'>ters,</span> <span class='ocrx_word' id='word_1_32' title='bbox 342 741 683 804; x_wconf 86' lang='lat' dir='ltr'>continually,</span> <span class='ocrx_word' id='word_1_33' title='bbox 721 739 771 790; x_wconf 89' lang='lat' dir='ltr'>in</span> <span class='ocrx_word' id='word_1_34' title='bbox 808 738 895 791; x_wconf 90' lang='lat' dir='ltr'>the</span> <span class='ocrx_word' id='word_1_35' title='bbox 931 738 1114 790; x_wconf 88' lang='lat' dir='ltr'>Grand</span> <span class='ocrx_word' id='word_1_36' title='bbox 1153 736 1315 802; x_wconf 87' lang='lat' dir='ltr'>Style.</span> <span class='ocrx_word' id='word_1_37' title='bbox 1389 736 1567 788; x_wconf 88' lang='lat' dir='ltr'>When</span> <span class='ocrx_word' id='word_1_38' title='bbox 1602 735 1690 788; x_wconf 91' lang='lat' dir='ltr'>the</span> <span class='ocrx_word' id='word_1_39' title='bbox 1724 746 1911 788; x_wconf 91' lang='lat' dir='ltr'>orator</span> <span class='ocrx_word' id='word_1_40' title='bbox 1945 737 1988 789; x_wconf 91' lang='lat' dir='ltr'>is</span> <span class='ocrx_word' id='word_1_41' title='bbox 2024 738 2258 805; x_wconf 89' lang='lat' dir='ltr'>treating</span> 
     </span>
     <span class='ocr_line' id='line_1_5' title="bbox 183 820 2254 889; baseline -0.001 -12"><span class='ocrx_word' id='word_1_42' title='bbox 183 826 262 878; x_wconf 89' lang='lat' dir='ltr'>his</span> <span class='ocrx_word' id='word_1_43' title='bbox 298 827 471 878; x_wconf 85' lang='lat' dir='ltr'><strong>theme</strong></span> <span class='ocrx_word' id='word_1_44' title='bbox 506 825 570 876; x_wconf 86' lang='lat' dir='ltr'>he</span> <span class='ocrx_word' id='word_1_45' title='bbox 604 835 745 876; x_wconf 85' lang='lat' dir='ltr'>must</span> <span class='ocrx_word' id='word_1_46' title='bbox 779 824 842 875; x_wconf 88' lang='lat' dir='ltr'>be</span> <span class='ocrx_word' id='word_1_47' title='bbox 875 823 1072 889; x_wconf 89' lang='lat' dir='ltr'>guided</span> <span class='ocrx_word' id='word_1_48' title='bbox 1107 823 1173 888; x_wconf 91' lang='lat' dir='ltr'>by</span> <span class='ocrx_word' id='word_1_49' title='bbox 1208 820 1290 873; x_wconf 89' lang='lat' dir='ltr'>his</span> <span class='ocrx_word' id='word_1_50' title='bbox 1323 821 1623 888; x_wconf 88' lang='lat' dir='ltr'>judgment,</span> <span class='ocrx_word' id='word_1_51' title='bbox 1660 822 1767 873; x_wconf 87' lang='lat' dir='ltr'>and</span> <span class='ocrx_word' id='word_1_52' title='bbox 1802 821 1841 873; x_wconf 92' lang='lat' dir='ltr'>it</span> <span class='ocrx_word' id='word_1_53' title='bbox 1873 821 2031 874; x_wconf 84' lang='lat' dir='ltr'>often</span> <span class='ocrx_word' id='word_1_54' title='bbox 2065 838 2254 875; x_wconf 92' lang='lat' dir='ltr'>occurs</span> 
     </span>
     <span class='ocr_line' id='line_1_6' title="bbox 182 906 2255 975; baseline -0.002 -11"><span class='ocrx_word' id='word_1_55' title='bbox 182 914 294 964; x_wconf 85' lang='lat' dir='ltr'>that</span> <span class='ocrx_word' id='word_1_56' title='bbox 322 930 390 963; x_wconf 88' lang='lat' dir='ltr'>an</span> <span class='ocrx_word' id='word_1_57' title='bbox 419 911 706 975; x_wconf 83' lang='lat' dir='ltr'>important</span> <span class='ocrx_word' id='word_1_58' title='bbox 736 919 928 960; x_wconf 88' lang='lat' dir='ltr'>matter</span> <span class='ocrx_word' id='word_1_59' title='bbox 958 926 1078 973; x_wconf 89' lang='lat' dir='ltr'>may</span> <span class='ocrx_word' id='word_1_60' title='bbox 1108 908 1169 959; x_wconf 91' lang='lat' dir='ltr'>be</span> <span class='ocrx_word' id='word_1_61' title='bbox 1199 908 1404 958; x_wconf 86' lang='lat' dir='ltr'>treated</span> <span class='ocrx_word' id='word_1_62' title='bbox 1434 907 1486 957; x_wconf 91' lang='lat' dir='ltr'>in</span> <span class='ocrx_word' id='word_1_63' title='bbox 1515 907 1585 958; x_wconf 93' lang='lat' dir='ltr'>all</span> <span class='ocrx_word' id='word_1_64' title='bbox 1613 906 1763 959; x_wconf 87' lang='lat' dir='ltr'>these</span> <span class='ocrx_word' id='word_1_65' title='bbox 1793 908 1955 973; x_wconf 88' lang='lat' dir='ltr'>styles</span> <span class='ocrx_word' id='word_1_66' title='bbox 1982 917 2037 960; x_wconf 91' lang='lat' dir='ltr'>at</span> <span class='ocrx_word' id='word_1_67' title='bbox 2068 906 2255 960; x_wconf 86' lang='lat' dir='ltr'>differ-</span> 
     </span>
     <span class='ocr_line' id='line_1_7' title="bbox 181 991 2254 1059; baseline -0.002 -11"><span class='ocrx_word' id='word_1_68' title='bbox 181 1008 269 1049; x_wconf 87' lang='lat' dir='ltr'>ent</span> <span class='ocrx_word' id='word_1_69' title='bbox 307 998 476 1048; x_wconf 89' lang='lat' dir='ltr'>times.</span> <span class='ocrx_word' id='word_1_70' title='bbox 551 995 725 1047; x_wconf 86' lang='lat' dir='ltr'>There</span> <span class='ocrx_word' id='word_1_71' title='bbox 766 993 807 1045; x_wconf 92' lang='lat' dir='ltr'>is</span> <span class='ocrx_word' id='word_1_72' title='bbox 847 1012 917 1044; x_wconf 89' lang='lat' dir='ltr'>no</span> <span class='ocrx_word' id='word_1_73' title='bbox 957 993 1163 1058; x_wconf 91' lang='lat' dir='ltr'>subject</span> <span class='ocrx_word' id='word_1_74' title='bbox 1200 1000 1412 1059; x_wconf 87' lang='lat' dir='ltr'>greater</span> <span class='ocrx_word' id='word_1_75' title='bbox 1452 991 1580 1043; x_wconf 90' lang='lat' dir='ltr'>than</span> <span class='ocrx_word' id='word_1_76' title='bbox 1620 991 1757 1053; x_wconf 87' lang='lat' dir='ltr'>God,</span> <span class='ocrx_word' id='word_1_77' title='bbox 1798 993 1905 1045; x_wconf 88' lang='lat' dir='ltr'>and</span> <span class='ocrx_word' id='word_1_78' title='bbox 1939 992 2031 1045; x_wconf 85' lang='lat' dir='ltr'>the</span> <span class='ocrx_word' id='word_1_79' title='bbox 2069 1003 2254 1046; x_wconf 88' lang='lat' dir='ltr'>orator</span> 
     </span>
     <span class='ocr_line' id='line_1_8' title="bbox 181 1077 2253 1144; baseline -0.002 -11"><span class='ocrx_word' id='word_1_80' title='bbox 181 1100 277 1133; x_wconf 87' lang='lat' dir='ltr'>can</span> <span class='ocrx_word' id='word_1_81' title='bbox 312 1093 402 1133; x_wconf 85' lang='lat' dir='ltr'>tax</span> <span class='ocrx_word' id='word_1_82' title='bbox 438 1081 518 1131; x_wconf 89' lang='lat' dir='ltr'>his</span> <span class='ocrx_word' id='word_1_83' title='bbox 550 1080 776 1131; x_wconf 89' lang='lat' dir='ltr'>abilities</span> <span class='ocrx_word' id='word_1_84' title='bbox 810 1088 864 1129; x_wconf 82' lang='lat' dir='ltr'>to</span> <span class='ocrx_word' id='word_1_85' title='bbox 897 1078 984 1130; x_wconf 89' lang='lat' dir='ltr'>the</span> <span class='ocrx_word' id='word_1_86' title='bbox 1016 1087 1217 1129; x_wconf 92' lang='lat' dir='ltr'>utmost</span> <span class='ocrx_word' id='word_1_87' title='bbox 1252 1078 1304 1128; x_wconf 93' lang='lat' dir='ltr'>in</span> <span class='ocrx_word' id='word_1_88' title='bbox 1338 1077 1598 1144; x_wconf 85' lang='lat' dir='ltr'>speaking</span> <span class='ocrx_word' id='word_1_89' title='bbox 1629 1078 1798 1129; x_wconf 91' lang='lat' dir='ltr'>either</span> <span class='ocrx_word' id='word_1_90' title='bbox 1830 1078 1892 1130; x_wconf 81' lang='lat' dir='ltr'>of</span> <span class='ocrx_word' id='word_1_91' title='bbox 1929 1079 2065 1130; x_wconf 91' lang='lat' dir='ltr'>Him</span> <span class='ocrx_word' id='word_1_92' title='bbox 2096 1096 2157 1131; x_wconf 92' lang='lat' dir='ltr'>or</span> <span class='ocrx_word' id='word_1_93' title='bbox 2189 1079 2253 1130; x_wconf 81' lang='lat' dir='ltr'>of</span> 
     </span>
     <span class='ocr_line' id='line_1_9' title="bbox 184 1162 2254 1230; baseline -0 -13"><span class='ocrx_word' id='word_1_94' title='bbox 184 1167 285 1218; x_wconf 88' lang='lat' dir='ltr'>His</span> <span class='ocrx_word' id='word_1_95' title='bbox 318 1167 523 1226; x_wconf 74' lang='lat' dir='ltr'>works;</span> <span class='ocrx_word' id='word_1_96' title='bbox 571 1175 655 1230; x_wconf 82' lang='lat' dir='ltr'>yet</span> <span class='ocrx_word' id='word_1_97' title='bbox 691 1165 843 1215; x_wconf 78' lang='lat' dir='ltr'>when</span> <span class='ocrx_word' id='word_1_98' title='bbox 874 1162 1176 1230; x_wconf 80' lang='lat' dir='ltr'>something</span> <span class='ocrx_word' id='word_1_99' title='bbox 1207 1163 1249 1214; x_wconf 94' lang='lat' dir='ltr'>is</span> <span class='ocrx_word' id='word_1_100' title='bbox 1281 1172 1337 1214; x_wconf 91' lang='lat' dir='ltr'>to</span> <span class='ocrx_word' id='word_1_101' title='bbox 1366 1163 1429 1214; x_wconf 93' lang='lat' dir='ltr'>be</span> <span class='ocrx_word' id='word_1_102' title='bbox 1462 1163 1679 1215; x_wconf 87' lang='lat' dir='ltr'>learned</span> <span class='ocrx_word' id='word_1_103' title='bbox 1710 1164 1874 1215; x_wconf 88' lang='lat' dir='ltr'>about</span> <span class='ocrx_word' id='word_1_104' title='bbox 1907 1162 2040 1215; x_wconf 89' lang='lat' dir='ltr'>Him</span> <span class='ocrx_word' id='word_1_105' title='bbox 2069 1181 2135 1215; x_wconf 95' lang='lat' dir='ltr'>or</span> <span class='ocrx_word' id='word_1_106' title='bbox 2164 1164 2254 1216; x_wconf 92' lang='lat' dir='ltr'>the</span> 
     </span>
     <span class='ocr_line' id='line_1_10' title="bbox 181 1249 2254 1317; baseline 0 -15"><span class='ocrx_word' id='word_1_107' title='bbox 181 1252 326 1317; x_wconf 89' lang='lat' dir='ltr'>Holy</span> <span class='ocrx_word' id='word_1_108' title='bbox 354 1249 581 1316; x_wconf 86' lang='lat' dir='ltr'>Trinity‚</span> <span class='ocrx_word' id='word_1_109' title='bbox 612 1251 648 1301; x_wconf 89' lang='lat' dir='ltr'>it</span> <span class='ocrx_word' id='word_1_110' title='bbox 678 1249 720 1301; x_wconf 92' lang='lat' dir='ltr'>is</span> <span class='ocrx_word' id='word_1_111' title='bbox 749 1249 928 1315; x_wconf 83' lang='lat' dir='ltr'>highly</span> <span class='ocrx_word' id='word_1_112' title='bbox 959 1250 1230 1314; x_wconf 89' lang='lat' dir='ltr'>improper</span> <span class='ocrx_word' id='word_1_113' title='bbox 1258 1258 1312 1300; x_wconf 93' lang='lat' dir='ltr'>to</span> <span class='ocrx_word' id='word_1_114' title='bbox 1341 1265 1435 1300; x_wconf 90' lang='lat' dir='ltr'>use</span> <span class='ocrx_word' id='word_1_115' title='bbox 1465 1266 1569 1314; x_wconf 91' lang='lat' dir='ltr'>any</span> <span class='ocrx_word' id='word_1_116' title='bbox 1598 1250 1732 1315; x_wconf 81' lang='lat' dir='ltr'>style</span> <span class='ocrx_word' id='word_1_117' title='bbox 1761 1266 1886 1300; x_wconf 87' lang='lat' dir='ltr'>save</span> <span class='ocrx_word' id='word_1_118' title='bbox 1917 1250 2006 1302; x_wconf 92' lang='lat' dir='ltr'>the</span> <span class='ocrx_word' id='word_1_119' title='bbox 2034 1249 2254 1302; x_wconf 90' lang='lat' dir='ltr'>method</span> 
     </span>
     <span class='ocr_line' id='line_1_11' title="bbox 175 1333 2252 1399; baseline -0.001 -11"><span class='ocrx_word' id='word_1_120' title='bbox 175 1336 237 1388; x_wconf 81' lang='lat' dir='ltr'>of</span> <span class='ocrx_word' id='word_1_121' title='bbox 275 1337 410 1387; x_wconf 90' lang='lat' dir='ltr'>calm</span> <span class='ocrx_word' id='word_1_122' title='bbox 447 1335 759 1390; x_wconf 83' lang='lat' dir='ltr'>discussion.</span> <span class='ocrx_word' id='word_1_123' title='bbox 798 1351 858 1385; x_wconf 92' lang='lat' dir='ltr'>so</span> <span class='ocrx_word' id='word_1_124' title='bbox 894 1335 1008 1386; x_wconf 89' lang='lat' dir='ltr'>that</span> <span class='ocrx_word' id='word_1_125' title='bbox 1045 1352 1075 1386; x_wconf 90' lang='lat' dir='ltr'>a</span> <span class='ocrx_word' id='word_1_126' title='bbox 1112 1333 1322 1399; x_wconf 87' lang='lat' dir='ltr'>subject</span> <span class='ocrx_word' id='word_1_127' title='bbox 1358 1333 1535 1385; x_wconf 88' lang='lat' dir='ltr'>which</span> <span class='ocrx_word' id='word_1_128' title='bbox 1574 1334 1626 1385; x_wconf 93' lang='lat' dir='ltr'>in</span> <span class='ocrx_word' id='word_1_129' title='bbox 1665 1334 1811 1386; x_wconf 82' lang='lat' dir='ltr'>itself</span> <span class='ocrx_word' id='word_1_130' title='bbox 1850 1335 1894 1386; x_wconf 90' lang='lat' dir='ltr'>is</span> <span class='ocrx_word' id='word_1_131' title='bbox 1931 1334 2153 1387; x_wconf 88' lang='lat' dir='ltr'>difficult</span> <span class='ocrx_word' id='word_1_132' title='bbox 2189 1334 2252 1388; x_wconf 83' lang='lat' dir='ltr'>of</span> 
     </span>
     <span class='ocr_line' id='line_1_12' title="bbox 179 1419 2251 1486; baseline 0 -14"><span class='ocrx_word' id='word_1_133' title='bbox 179 1422 618 1486; x_wconf 89' lang='lat' dir='ltr'>comprehension</span> <span class='ocrx_word' id='word_1_134' title='bbox 647 1438 768 1486; x_wconf 91' lang='lat' dir='ltr'>may</span> <span class='ocrx_word' id='word_1_135' title='bbox 796 1421 857 1471; x_wconf 92' lang='lat' dir='ltr'>be</span> <span class='ocrx_word' id='word_1_136' title='bbox 884 1421 973 1471; x_wconf 88' lang='lat' dir='ltr'>the</span> <span class='ocrx_word' id='word_1_137' title='bbox 998 1437 1147 1470; x_wconf 90' lang='lat' dir='ltr'>more</span> <span class='ocrx_word' id='word_1_138' title='bbox 1174 1419 1338 1486; x_wconf 90' lang='lat' dir='ltr'>easily</span> <span class='ocrx_word' id='word_1_139' title='bbox 1365 1419 1712 1471; x_wconf 86' lang='lat' dir='ltr'>understood.</span> <span class='ocrx_word' id='word_1_140' title='bbox 1779 1421 1842 1471; x_wconf 93' lang='lat' dir='ltr'>In</span> <span class='ocrx_word' id='word_1_141' title='bbox 1869 1420 1935 1471; x_wconf 89' lang='lat' dir='ltr'>D.</span> <span class='ocrx_word' id='word_1_142' title='bbox 1965 1420 2030 1473; x_wconf 93' lang='lat' dir='ltr'>D.</span> <span class='ocrx_word' id='word_1_143' title='bbox 2063 1419 2119 1472; x_wconf 89' lang='lat' dir='ltr'>C.</span> <span class='ocrx_word' id='word_1_144' title='bbox 2153 1420 2251 1482; x_wconf 87' lang='lat' dir='ltr'>IV,</span> 
     </span>
     <span class='ocr_line' id='line_1_13' title="bbox 187 1504 2250 1571; baseline 0 -15"><span class='ocrx_word' id='word_1_145' title='bbox 187 1521 258 1570; x_wconf 86' lang='lat'>19.</span> <span class='ocrx_word' id='word_1_146' title='bbox 283 1507 364 1571; x_wconf 80' lang='lat'>38,</span> <span class='ocrx_word' id='word_1_147' title='bbox 405 1505 707 1570; x_wconf 85' lang='lat' dir='ltr'>Augustine</span> <span class='ocrx_word' id='word_1_148' title='bbox 750 1522 899 1570; x_wconf 91' lang='lat' dir='ltr'>says:</span> <span class='ocrx_word' id='word_1_149' title='bbox 977 1505 1045 1554; x_wconf 85' lang='lat' dir='ltr'>Et</span> <span class='ocrx_word' id='word_1_150' title='bbox 1086 1515 1263 1555; x_wconf 91' lang='lat' dir='ltr'>tamen</span> <span class='ocrx_word' id='word_1_151' title='bbox 1305 1521 1430 1555; x_wconf 91' lang='lat' dir='ltr'>cum</span> <span class='ocrx_word' id='word_1_152' title='bbox 1467 1504 1659 1556; x_wconf 91' lang='lat' dir='ltr'>doctor</span> <span class='ocrx_word' id='word_1_153' title='bbox 1698 1505 1798 1556; x_wconf 91' lang='lat' dir='ltr'>iste</span> <span class='ocrx_word' id='word_1_154' title='bbox 1838 1505 2029 1557; x_wconf 92' lang='lat' dir='ltr'>debeat</span> <span class='ocrx_word' id='word_1_155' title='bbox 2070 1522 2250 1556; x_wconf 89' lang='lat' dir='ltr'>rerum</span> 
     </span>
     <span class='ocr_line' id='line_1_14' title="bbox 175 1588 2250 1656; baseline 0.001 -16"><span class='ocrx_word' id='word_1_156' title='bbox 175 1591 344 1641; x_wconf 86' lang='lat' dir='ltr'>dictor</span> <span class='ocrx_word' id='word_1_157' title='bbox 381 1607 495 1641; x_wconf 87' lang='lat' dir='ltr'>esse</span> <span class='ocrx_word' id='word_1_158' title='bbox 529 1605 865 1655; x_wconf 87' lang='lat' dir='ltr'>magnarum,</span> <span class='ocrx_word' id='word_1_159' title='bbox 902 1605 1009 1639; x_wconf 90' lang='lat' dir='ltr'>non</span> <span class='ocrx_word' id='word_1_160' title='bbox 1048 1605 1257 1654; x_wconf 88' lang='lat' dir='ltr'>semper</span> <span class='ocrx_word' id='word_1_161' title='bbox 1293 1607 1382 1641; x_wconf 91' lang='lat' dir='ltr'>eas</span> <span class='ocrx_word' id='word_1_162' title='bbox 1421 1589 1575 1640; x_wconf 91' lang='lat' dir='ltr'>debet</span> <span class='ocrx_word' id='word_1_163' title='bbox 1609 1590 1888 1656; x_wconf 87' lang='lat' dir='ltr'>granditer</span> <span class='ocrx_word' id='word_1_164' title='bbox 1925 1588 2117 1652; x_wconf 87' lang='lat' dir='ltr'>dicere,</span> <span class='ocrx_word' id='word_1_165' title='bbox 2155 1589 2250 1642; x_wconf 91' lang='lat' dir='ltr'>sed</span> 
     </span>
     <span class='ocr_line' id='line_1_15' title="bbox 175 1673 2251 1741; baseline 0 -16"><span class='ocrx_word' id='word_1_166' title='bbox 175 1675 449 1734; x_wconf 86' lang='lat' dir='ltr'>submisse,</span> <span class='ocrx_word' id='word_1_167' title='bbox 484 1691 604 1725; x_wconf 90' lang='lat' dir='ltr'>cum</span> <span class='ocrx_word' id='word_1_168' title='bbox 637 1673 838 1739; x_wconf 90' lang='lat' dir='ltr'>aliquid</span> <span class='ocrx_word' id='word_1_169' title='bbox 872 1675 1124 1736; x_wconf 92' lang='lat' dir='ltr'>docetur;</span> <span class='ocrx_word' id='word_1_170' title='bbox 1172 1682 1484 1739; x_wconf 90' lang='lat' dir='ltr'>temperate,</span> <span class='ocrx_word' id='word_1_171' title='bbox 1521 1691 1644 1726; x_wconf 91' lang='lat' dir='ltr'>cum</span> <span class='ocrx_word' id='word_1_172' title='bbox 1675 1675 1878 1740; x_wconf 89' lang='lat' dir='ltr'>aliquid</span> <span class='ocrx_word' id='word_1_173' title='bbox 1911 1675 2251 1741; x_wconf 87' lang='lat' dir='ltr'>vituperatur</span> 
     </span>
     <span class='ocr_line' id='line_1_16' title="bbox 175 1759 2248 1826; baseline 0 -15"><span class='ocrx_word' id='word_1_174' title='bbox 175 1760 284 1811; x_wconf 84' lang='lat' dir='ltr'>sive</span> <span class='ocrx_word' id='word_1_175' title='bbox 320 1760 595 1810; x_wconf 85' lang='lat' dir='ltr'>laudatur:</span> <span class='ocrx_word' id='word_1_176' title='bbox 651 1776 774 1810; x_wconf 92' lang='lat' dir='ltr'>cum</span> <span class='ocrx_word' id='word_1_177' title='bbox 805 1776 935 1811; x_wconf 91' lang='lat' dir='ltr'>vero</span> <span class='ocrx_word' id='word_1_178' title='bbox 969 1759 1171 1824; x_wconf 88' lang='lat' dir='ltr'>aliquid</span> <span class='ocrx_word' id='word_1_179' title='bbox 1207 1761 1478 1826; x_wconf 90' lang='lat' dir='ltr'>agendum</span> <span class='ocrx_word' id='word_1_180' title='bbox 1511 1769 1606 1822; x_wconf 91' lang='lat' dir='ltr'>est,</span> <span class='ocrx_word' id='word_1_181' title='bbox 1641 1770 1694 1812; x_wconf 95' lang='lat' dir='ltr'>et</span> <span class='ocrx_word' id='word_1_182' title='bbox 1730 1761 1799 1812; x_wconf 92' lang='lat' dir='ltr'>ad</span> <span class='ocrx_word' id='word_1_183' title='bbox 1835 1778 1925 1813; x_wconf 91' lang='lat' dir='ltr'>eos</span> <span class='ocrx_word' id='word_1_184' title='bbox 1961 1760 2248 1826; x_wconf 88' lang='lat' dir='ltr'>loquimur,</span> 
     </span>
     <span class='ocr_line' id='line_1_17' title="bbox 171 1845 2248 1913; baseline 0.001 -18"><span class='ocrx_word' id='word_1_185' title='bbox 171 1845 260 1909; x_wconf 87' lang='lat' dir='ltr'>qui</span> <span class='ocrx_word' id='word_1_186' title='bbox 295 1846 393 1895; x_wconf 88' lang='lat' dir='ltr'>hoc</span> <span class='ocrx_word' id='word_1_187' title='bbox 428 1863 586 1911; x_wconf 88' lang='lat' dir='ltr'>agere</span> <span class='ocrx_word' id='word_1_188' title='bbox 621 1845 827 1905; x_wconf 89' lang='lat' dir='ltr'>debent,</span> <span class='ocrx_word' id='word_1_189' title='bbox 864 1862 959 1896; x_wconf 92' lang='lat' dir='ltr'>nec</span> <span class='ocrx_word' id='word_1_190' title='bbox 994 1854 1172 1896; x_wconf 91' lang='lat' dir='ltr'>tamen</span> <span class='ocrx_word' id='word_1_191' title='bbox 1204 1845 1409 1906; x_wconf 88' lang='lat' dir='ltr'>volunt,</span> <span class='ocrx_word' id='word_1_192' title='bbox 1447 1856 1573 1897; x_wconf 91' lang='lat' dir='ltr'>tunc</span> <span class='ocrx_word' id='word_1_193' title='bbox 1608 1864 1669 1898; x_wconf 91' lang='lat' dir='ltr'>ea</span> <span class='ocrx_word' id='word_1_194' title='bbox 1704 1862 1840 1910; x_wconf 92' lang='lat' dir='ltr'>quae</span> <span class='ocrx_word' id='word_1_195' title='bbox 1875 1863 2072 1913; x_wconf 87' lang='lat' dir='ltr'>magna</span> <span class='ocrx_word' id='word_1_196' title='bbox 2105 1856 2248 1908; x_wconf 88' lang='lat' dir='ltr'>sunt,</span> 
     </span>
     <span class='ocr_line' id='line_1_18' title="bbox 169 1931 2247 1999; baseline 0.001 -18"><span class='ocrx_word' id='word_1_197' title='bbox 169 1932 391 1981; x_wconf 82' lang='lat' dir='ltr'>(licenda</span> <span class='ocrx_word' id='word_1_198' title='bbox 435 1941 557 1982; x_wconf 88' lang='lat' dir='ltr'>sunt</span> <span class='ocrx_word' id='word_1_199' title='bbox 598 1932 890 1997; x_wconf 88' lang='lat' dir='ltr'>granditer,</span> <span class='ocrx_word' id='word_1_200' title='bbox 934 1940 985 1982; x_wconf 91' lang='lat' dir='ltr'>et</span> <span class='ocrx_word' id='word_1_201' title='bbox 1028 1932 1095 1983; x_wconf 90' lang='lat' dir='ltr'>ad</span> <span class='ocrx_word' id='word_1_202' title='bbox 1141 1931 1430 1983; x_wconf 88' lang='lat' dir='ltr'>flectendos</span> <span class='ocrx_word' id='word_1_203' title='bbox 1474 1932 1682 1984; x_wconf 90' lang='lat' dir='ltr'>animos</span> <span class='ocrx_word' id='word_1_204' title='bbox 1726 1942 2098 1999; x_wconf 90' lang='lat' dir='ltr'>congruenter.</span> <span class='ocrx_word' id='word_1_205' title='bbox 2178 1931 2247 1983; x_wconf 85' lang='lat' dir='ltr'>Et</span> 
     </span>
     <span class='ocr_line' id='line_1_19' title="bbox 168 2016 2246 2084; baseline 0.001 -17"><span class='ocrx_word' id='word_1_206' title='bbox 168 2016 454 2081; x_wconf 87' lang='lat' dir='ltr'>aliquando</span> <span class='ocrx_word' id='word_1_207' title='bbox 485 2018 550 2068; x_wconf 91' lang='lat' dir='ltr'>de</span> <span class='ocrx_word' id='word_1_208' title='bbox 584 2035 689 2068; x_wconf 89' lang='lat' dir='ltr'>una</span> <span class='ocrx_word' id='word_1_209' title='bbox 722 2017 1014 2081; x_wconf 87' lang='lat' dir='ltr'>eademque</span> <span class='ocrx_word' id='word_1_210' title='bbox 1049 2036 1104 2068; x_wconf 91' lang='lat' dir='ltr'>re</span> <span class='ocrx_word' id='word_1_211' title='bbox 1137 2035 1347 2084; x_wconf 88' lang='lat' dir='ltr'>magna,</span> <span class='ocrx_word' id='word_1_212' title='bbox 1384 2026 1433 2068; x_wconf 89' lang='lat' dir='ltr'>et</span> <span class='ocrx_word' id='word_1_213' title='bbox 1466 2018 1728 2070; x_wconf 89' lang='lat' dir='ltr'>submisse</span> <span class='ocrx_word' id='word_1_214' title='bbox 1763 2019 1975 2079; x_wconf 90' lang='lat' dir='ltr'>dicitur,</span> <span class='ocrx_word' id='word_1_215' title='bbox 2012 2019 2054 2070; x_wconf 93' lang='lat' dir='ltr'>si</span> <span class='ocrx_word' id='word_1_216' title='bbox 2091 2019 2246 2070; x_wconf 91' lang='lat' dir='ltr'>doce-</span> 
     </span>
     <span class='ocr_line' id='line_1_20' title="bbox 174 2101 2248 2168; baseline 0.001 -17"><span class='ocrx_word' id='word_1_217' title='bbox 174 2111 288 2160; x_wconf 90' lang='lat' dir='ltr'>tur;</span> <span class='ocrx_word' id='word_1_218' title='bbox 338 2110 387 2152; x_wconf 91' lang='lat' dir='ltr'>et</span> <span class='ocrx_word' id='word_1_219' title='bbox 437 2110 746 2167; x_wconf 90' lang='lat' dir='ltr'>temperate,</span> <span class='ocrx_word' id='word_1_220' title='bbox 797 2101 838 2152; x_wconf 90' lang='lat' dir='ltr'>si</span> <span class='ocrx_word' id='word_1_221' title='bbox 888 2101 1260 2167; x_wconf 89' lang='lat' dir='ltr'>praedicatur;</span> <span class='ocrx_word' id='word_1_222' title='bbox 1311 2109 1363 2152; x_wconf 90' lang='lat' dir='ltr'>et</span> <span class='ocrx_word' id='word_1_223' title='bbox 1411 2101 1703 2168; x_wconf 89' lang='lat' dir='ltr'>granditer,</span> <span class='ocrx_word' id='word_1_224' title='bbox 1756 2103 1800 2153; x_wconf 91' lang='lat' dir='ltr'>si</span> <span class='ocrx_word' id='word_1_225' title='bbox 1850 2119 2073 2155; x_wconf 89' lang='lat' dir='ltr'>aversus</span> <span class='ocrx_word' id='word_1_226' title='bbox 2124 2102 2248 2154; x_wconf 91' lang='lat' dir='ltr'>inde</span> 
     </span>
     <span class='ocr_line' id='line_1_21' title="bbox 168 2186 2246 2253; baseline 0.001 -17"><span class='ocrx_word' id='word_1_227' title='bbox 168 2186 376 2236; x_wconf 84' lang='lat' dir='ltr'>animus</span> <span class='ocrx_word' id='word_1_228' title='bbox 417 2197 472 2237; x_wconf 94' lang='lat' dir='ltr'>ut</span> <span class='ocrx_word' id='word_1_229' title='bbox 514 2195 856 2237; x_wconf 87' lang='lat' dir='ltr'>convertatur</span> <span class='ocrx_word' id='word_1_230' title='bbox 898 2187 1202 2251; x_wconf 83' lang='lat' dir='ltr'>impellitur,</span> <span class='ocrx_word' id='word_1_231' title='bbox 1243 2187 1372 2251; x_wconf 86' lang='lat' dir='ltr'>quid</span> <span class='ocrx_word' id='word_1_232' title='bbox 1411 2187 1553 2239; x_wconf 92' lang='lat' dir='ltr'>enim</span> <span class='ocrx_word' id='word_1_233' title='bbox 1594 2186 1710 2239; x_wconf 92' lang='lat' dir='ltr'>Deo</span> <span class='ocrx_word' id='word_1_234' title='bbox 1753 2188 1867 2252; x_wconf 88' lang='lat' dir='ltr'>ipso</span> <span class='ocrx_word' id='word_1_235' title='bbox 1908 2187 2087 2253; x_wconf 89' lang='lat' dir='ltr'>majus</span> <span class='ocrx_word' id='word_1_236' title='bbox 2129 2188 2246 2239; x_wconf 91' lang='lat' dir='ltr'>est?</span> 
     </span>
     <span class='ocr_line' id='line_1_22' title="bbox 170 2269 2246 2336; baseline 0.001 -17"><span class='ocrx_word' id='word_1_237' title='bbox 170 2269 430 2334; x_wconf 73' lang='lat' dir='ltr'>Numquid</span> <span class='ocrx_word' id='word_1_238' title='bbox 481 2269 599 2320; x_wconf 82' lang='lat' dir='ltr'>ideo</span> <span class='ocrx_word' id='word_1_239' title='bbox 647 2285 753 2319; x_wconf 91' lang='lat' dir='ltr'>non</span> <span class='ocrx_word' id='word_1_240' title='bbox 802 2269 1062 2320; x_wconf 88' lang='lat' dir='ltr'>discitur?</span> <span class='ocrx_word' id='word_1_241' title='bbox 1129 2270 1243 2321; x_wconf 89' lang='lat' dir='ltr'>Aut</span> <span class='ocrx_word' id='word_1_242' title='bbox 1291 2270 1380 2336; x_wconf 90' lang='lat' dir='ltr'>qui</span> <span class='ocrx_word' id='word_1_243' title='bbox 1431 2271 1587 2322; x_wconf 91' lang='lat' dir='ltr'>docet</span> <span class='ocrx_word' id='word_1_244' title='bbox 1636 2271 1898 2322; x_wconf 91' lang='lat' dir='ltr'>unitatem</span> <span class='ocrx_word' id='word_1_245' title='bbox 1947 2270 2246 2330; x_wconf 81' lang='lat' dir='ltr'>TrinitatiS,</span> 
     </span>
     <span class='ocr_line' id='line_1_23' title="bbox 171 2352 2247 2422; baseline 0.001 -19"><span class='ocrx_word' id='word_1_246' title='bbox 171 2353 323 2404; x_wconf 88' lang='lat' dir='ltr'>debet</span> <span class='ocrx_word' id='word_1_247' title='bbox 372 2352 472 2404; x_wconf 87' lang='lat' dir='ltr'>nisi</span> <span class='ocrx_word' id='word_1_248' title='bbox 522 2354 785 2405; x_wconf 90' lang='lat' dir='ltr'>submissa</span> <span class='ocrx_word' id='word_1_249' title='bbox 833 2353 1193 2419; x_wconf 89' lang='lat' dir='ltr'>disputatione</span> <span class='ocrx_word' id='word_1_250' title='bbox 1241 2373 1414 2421; x_wconf 90' lang='lat' dir='ltr'>agere,</span> <span class='ocrx_word' id='word_1_251' title='bbox 1464 2365 1523 2407; x_wconf 90' lang='lat' dir='ltr'>ut</span> <span class='ocrx_word' id='word_1_252' title='bbox 1573 2373 1657 2408; x_wconf 90' lang='lat' dir='ltr'>res</span> <span class='ocrx_word' id='word_1_253' title='bbox 1704 2356 1772 2407; x_wconf 89' lang='lat' dir='ltr'>ad</span> <span class='ocrx_word' id='word_1_254' title='bbox 1822 2356 2247 2422; x_wconf 89' lang='lat' dir='ltr'>dignoscendum</span> 
     </span>
     <span class='ocr_line' id='line_1_24' title="bbox 171 2436 2245 2506; baseline 0.002 -19"><span class='ocrx_word' id='word_1_255' title='bbox 171 2436 412 2497; x_wconf 82' lang='lat' dir='ltr'>difficilis,</span> <span class='ocrx_word' id='word_1_256' title='bbox 446 2449 707 2502; x_wconf 84' lang='lat' dir='ltr'>quantum</span> <span class='ocrx_word' id='word_1_257' title='bbox 740 2440 912 2498; x_wconf 90' lang='lat' dir='ltr'>datur,</span> <span class='ocrx_word' id='word_1_258' title='bbox 948 2440 1115 2505; x_wconf 91' lang='lat' dir='ltr'>possit</span> <span class='ocrx_word' id='word_1_259' title='bbox 1151 2438 1409 2506; x_wconf 87' lang='lat' dir='ltr'>intelligi?</span> <span class='ocrx_word' id='word_1_260' title='bbox 1479 2440 1758 2506; x_wconf 90' lang='lat' dir='ltr'>Numquid</span> <span class='ocrx_word' id='word_1_261' title='bbox 1793 2441 1878 2492; x_wconf 92' lang='lat' dir='ltr'>hic</span> <span class='ocrx_word' id='word_1_262' title='bbox 1911 2448 2245 2501; x_wconf 89' lang='lat' dir='ltr'>ornamenta,</span> 
     </span>
     <span class='ocr_line' id='line_1_25' title="bbox 174 2523 2247 2592; baseline 0.002 -19"><span class='ocrx_word' id='word_1_263' title='bbox 174 2533 223 2573; x_wconf 92' lang='lat' dir='ltr'>et</span> <span class='ocrx_word' id='word_1_264' title='bbox 264 2540 367 2573; x_wconf 87' lang='lat' dir='ltr'>non</span> <span class='ocrx_word' id='word_1_265' title='bbox 409 2523 729 2575; x_wconf 89' lang='lat' dir='ltr'>documenta</span> <span class='ocrx_word' id='word_1_266' title='bbox 769 2525 1137 2588; x_wconf 85' lang='lat' dir='ltr'>quaeruntur?</span> <span class='ocrx_word' id='word_1_267' title='bbox 1195 2526 1457 2589; x_wconf 90' lang='lat' dir='ltr'>numquid</span> <span class='ocrx_word' id='word_1_268' title='bbox 1498 2535 1556 2577; x_wconf 93' lang='lat' dir='ltr'>ut</span> <span class='ocrx_word' id='word_1_269' title='bbox 1597 2524 1798 2590; x_wconf 89' lang='lat' dir='ltr'>aliquid</span> <span class='ocrx_word' id='word_1_270' title='bbox 1837 2535 1962 2592; x_wconf 90' lang='lat' dir='ltr'>agat</span> <span class='ocrx_word' id='word_1_271' title='bbox 2004 2535 2084 2578; x_wconf 89' lang='lat' dir='ltr'>est</span> <span class='ocrx_word' id='word_1_272' title='bbox 2126 2526 2247 2578; x_wconf 86' lang='lat' dir='ltr'>flec-</span> 
     </span>
     <span class='ocr_line' id='line_1_26' title="bbox 169 2609 2244 2674; baseline 0.002 -16"><span class='ocrx_word' id='word_1_273' title='bbox 169 2609 358 2659; x_wconf 85' lang='lat' dir='ltr'>tendus</span> <span class='ocrx_word' id='word_1_274' title='bbox 397 2610 627 2669; x_wconf 87' lang='lat' dir='ltr'>auditor,</span> <span class='ocrx_word' id='word_1_275' title='bbox 667 2618 716 2660; x_wconf 87' lang='lat' dir='ltr'>et</span> <span class='ocrx_word' id='word_1_276' title='bbox 757 2627 860 2661; x_wconf 88' lang='lat' dir='ltr'>non</span> <span class='ocrx_word' id='word_1_277' title='bbox 901 2610 1079 2674; x_wconf 83' lang='lat' dir='ltr'>potius</span> <span class='ocrx_word' id='word_1_278' title='bbox 1118 2619 1173 2660; x_wconf 90' lang='lat' dir='ltr'>ut</span> <span class='ocrx_word' id='word_1_279' title='bbox 1216 2612 1386 2662; x_wconf 76' lang='lat' dir='ltr'>discat</span> <span class='ocrx_word' id='word_1_280' title='bbox 1427 2612 1808 2662; x_wconf 83' lang='lat' dir='ltr'>instruendus?</span> <span class='ocrx_word' id='word_1_281' title='bbox 1887 2612 2057 2664; x_wconf 89' lang='lat' dir='ltr'>Porro</span> <span class='ocrx_word' id='word_1_282' title='bbox 2098 2628 2244 2662; x_wconf 91' lang='lat' dir='ltr'>cum-</span> 
     </span>
     <span class='ocr_line' id='line_1_27' title="bbox 170 2691 2243 2760; baseline 0.003 -19"><span class='ocrx_word' id='word_1_283' title='bbox 170 2692 418 2743; x_wconf 84' lang='lat' dir='ltr'>laudatur</span> <span class='ocrx_word' id='word_1_284' title='bbox 457 2692 603 2744; x_wconf 92' lang='lat' dir='ltr'>Deus</span> <span class='ocrx_word' id='word_1_285' title='bbox 640 2691 752 2744; x_wconf 83' lang='lat' dir='ltr'>sive</span> <span class='ocrx_word' id='word_1_286' title='bbox 791 2694 854 2745; x_wconf 88' lang='lat' dir='ltr'>de</span> <span class='ocrx_word' id='word_1_287' title='bbox 894 2693 1085 2758; x_wconf 80' lang='lat' dir='ltr'>seipSO,</span> <span class='ocrx_word' id='word_1_288' title='bbox 1124 2695 1235 2746; x_wconf 89' lang='lat' dir='ltr'>sive</span> <span class='ocrx_word' id='word_1_289' title='bbox 1275 2696 1340 2746; x_wconf 90' lang='lat' dir='ltr'>de</span> <span class='ocrx_word' id='word_1_290' title='bbox 1375 2695 1627 2760; x_wconf 89' lang='lat' dir='ltr'>operibus</span> <span class='ocrx_word' id='word_1_291' title='bbox 1668 2693 1794 2756; x_wconf 91' lang='lat' dir='ltr'>suis,</span> <span class='ocrx_word' id='word_1_292' title='bbox 1833 2705 2033 2760; x_wconf 89' lang='lat' dir='ltr'>quanta</span> <span class='ocrx_word' id='word_1_293' title='bbox 2076 2695 2243 2748; x_wconf 82' lang='lat' dir='ltr'>facies</span> 
     </span>
     <span class='ocr_line' id='line_1_28' title="bbox 172 2776 2245 2846; baseline 0.003 -21"><span class='ocrx_word' id='word_1_294' title='bbox 172 2776 423 2840; x_wconf 89' lang='lat' dir='ltr'>pulchrae</span> <span class='ocrx_word' id='word_1_295' title='bbox 471 2795 531 2829; x_wconf 89' lang='lat' dir='ltr'>ac</span> <span class='ocrx_word' id='word_1_296' title='bbox 583 2779 891 2843; x_wconf 88' lang='lat' dir='ltr'>splendidae</span> <span class='ocrx_word' id='word_1_297' title='bbox 940 2779 1187 2831; x_wconf 88' lang='lat' dir='ltr'>dictionis</span> <span class='ocrx_word' id='word_1_298' title='bbox 1232 2779 1479 2832; x_wconf 88' lang='lat' dir='ltr'>oboritur</span> <span class='ocrx_word' id='word_1_299' title='bbox 1524 2779 1571 2832; x_wconf 91' lang='lat' dir='ltr'>ei</span> <span class='ocrx_word' id='word_1_300' title='bbox 1621 2781 1711 2845; x_wconf 89' lang='lat' dir='ltr'>qui</span> <span class='ocrx_word' id='word_1_301' title='bbox 1760 2791 1935 2846; x_wconf 91' lang='lat' dir='ltr'>potest</span> <span class='ocrx_word' id='word_1_302' title='bbox 1984 2789 2245 2845; x_wconf 88' lang='lat' dir='ltr'>quantum</span> 
     </span>
     <span class='ocr_line' id='line_1_29' title="bbox 172 2863 2244 2931; baseline 0.003 -19"><span class='ocrx_word' id='word_1_303' title='bbox 172 2872 343 2925; x_wconf 87' lang='lat' dir='ltr'>potest</span> <span class='ocrx_word' id='word_1_304' title='bbox 388 2863 623 2925; x_wconf 89' lang='lat' dir='ltr'>laudare,</span> <span class='ocrx_word' id='word_1_305' title='bbox 670 2879 828 2927; x_wconf 86' lang='lat' dir='ltr'>quem</span> <span class='ocrx_word' id='word_1_306' title='bbox 872 2881 1028 2915; x_wconf 91' lang='lat' dir='ltr'>nemo</span> <span class='ocrx_word' id='word_1_307' title='bbox 1075 2865 1455 2916; x_wconf 88' lang='lat' dir='ltr'>convenienter</span> <span class='ocrx_word' id='word_1_308' title='bbox 1498 2865 1697 2926; x_wconf 90' lang='lat' dir='ltr'>laudat,</span> <span class='ocrx_word' id='word_1_309' title='bbox 1745 2883 1901 2918; x_wconf 90' lang='lat' dir='ltr'>nemo</span> <span class='ocrx_word' id='word_1_310' title='bbox 1948 2866 2244 2931; x_wconf 89' lang='lat' dir='ltr'>quomodo-</span> 
     </span>
     <span class='ocr_line' id='line_1_30' title="bbox 173 2948 2245 3017; baseline 0.004 -22"><span class='ocrx_word' id='word_1_311' title='bbox 173 2963 396 3009; x_wconf 80' lang='lat' dir='ltr'>cumque</span> <span class='ocrx_word' id='word_1_312' title='bbox 427 2966 531 2998; x_wconf 89' lang='lat' dir='ltr'>non</span> <span class='ocrx_word' id='word_1_313' title='bbox 566 2948 774 2999; x_wconf 82' lang='lat' dir='ltr'>laudat!</span> <span class='ocrx_word' id='word_1_314' title='bbox 844 2949 913 3000; x_wconf 68' lang='lat' dir='ltr'>At</span> <span class='ocrx_word' id='word_1_315' title='bbox 948 2950 990 3001; x_wconf 89' lang='lat' dir='ltr'>si</span> <span class='ocrx_word' id='word_1_316' title='bbox 1022 2967 1126 3001; x_wconf 89' lang='lat' dir='ltr'>non</span> <span class='ocrx_word' id='word_1_317' title='bbox 1158 2950 1380 3012; x_wconf 88' lang='lat' dir='ltr'>colatur,</span> <span class='ocrx_word' id='word_1_318' title='bbox 1412 2962 1503 3002; x_wconf 89' lang='lat' dir='ltr'>aut</span> <span class='ocrx_word' id='word_1_319' title='bbox 1536 2967 1655 3002; x_wconf 89' lang='lat' dir='ltr'>cum</span> <span class='ocrx_word' id='word_1_320' title='bbox 1690 2952 1779 3004; x_wconf 92' lang='lat' dir='ltr'>illo</span> <span class='ocrx_word' id='word_1_321' title='bbox 1811 2953 1893 3004; x_wconf 81' lang='lat' dir='ltr'>vel</span> <span class='ocrx_word' id='word_1_322' title='bbox 1928 2953 2088 3004; x_wconf 88' lang='lat' dir='ltr'>etiam</span> <span class='ocrx_word' id='word_1_323' title='bbox 2117 2968 2245 3017; x_wconf 86' lang='lat' dir='ltr'>prae</span> 
     </span>
     <span class='ocr_line' id='line_1_31' title="bbox 178 3029 2247 3101; baseline 0.004 -23"><span class='ocrx_word' id='word_1_324' title='bbox 178 3029 264 3080; x_wconf 92' lang='lat' dir='ltr'>illo</span> <span class='ocrx_word' id='word_1_325' title='bbox 295 3030 536 3082; x_wconf 88' lang='lat' dir='ltr'>colantur</span> <span class='ocrx_word' id='word_1_326' title='bbox 568 3030 724 3091; x_wconf 88' lang='lat' dir='ltr'>idola,</span> <span class='ocrx_word' id='word_1_327' title='bbox 756 3033 866 3084; x_wconf 87' lang='lat' dir='ltr'>sive</span> <span class='ocrx_word' id='word_1_328' title='bbox 898 3034 1180 3086; x_wconf 84' lang='lat' dir='ltr'>daemonia</span> <span class='ocrx_word' id='word_1_329' title='bbox 1213 3035 1324 3086; x_wconf 89' lang='lat' dir='ltr'>sive</span> <span class='ocrx_word' id='word_1_330' title='bbox 1355 3051 1721 3100; x_wconf 87' lang='lat' dir='ltr'>quaecumque</span> <span class='ocrx_word' id='word_1_331' title='bbox 1754 3044 2029 3098; x_wconf 87' lang='lat' dir='ltr'>creatura;</span> <span class='ocrx_word' id='word_1_332' title='bbox 2079 3051 2247 3101; x_wconf 89' lang='lat' dir='ltr'>quan·</span> 
     </span>
     <span class='ocr_line' id='line_1_32' title="bbox 176 3114 2244 3182; baseline 0.003 -18"><span class='ocrx_word' id='word_1_333' title='bbox 176 3123 289 3164; x_wconf 90' lang='lat' dir='ltr'>tum</span> <span class='ocrx_word' id='word_1_334' title='bbox 317 3114 415 3166; x_wconf 85' lang='lat' dir='ltr'>hoc</span> <span class='ocrx_word' id='word_1_335' title='bbox 446 3117 646 3167; x_wconf 88' lang='lat' dir='ltr'>malum</span> <span class='ocrx_word' id='word_1_336' title='bbox 675 3115 758 3176; x_wconf 90' lang='lat' dir='ltr'>sit,</span> <span class='ocrx_word' id='word_1_337' title='bbox 788 3127 946 3182; x_wconf 87' lang='lat' dir='ltr'>atque</span> <span class='ocrx_word' id='word_1_338' title='bbox 975 3128 1030 3170; x_wconf 90' lang='lat' dir='ltr'>ut</span> <span class='ocrx_word' id='word_1_339' title='bbox 1062 3119 1126 3171; x_wconf 89' lang='lat' dir='ltr'>ab</span> <span class='ocrx_word' id='word_1_340' title='bbox 1156 3120 1255 3171; x_wconf 88' lang='lat' dir='ltr'>hoc</span> <span class='ocrx_word' id='word_1_341' title='bbox 1284 3123 1428 3172; x_wconf 84' lang='lat' dir='ltr'>malo</span> <span class='ocrx_word' id='word_1_342' title='bbox 1455 3129 1768 3173; x_wconf 84' lang='lat' dir='ltr'>avertantur</span> <span class='ocrx_word' id='word_1_343' title='bbox 1798 3121 2057 3181; x_wconf 81' lang='lat' dir='ltr'>homineS,</span> <span class='ocrx_word' id='word_1_344' title='bbox 2090 3120 2244 3172; x_wconf 91' lang='lat' dir='ltr'>debet</span> 
     </span>
     <span class='ocr_line' id='line_1_33' title="bbox 178 3200 812 3264; baseline 0.008 -16"><span class='ocrx_word' id='word_1_345' title='bbox 178 3200 359 3264; x_wconf 87' lang='lat' dir='ltr'>utique</span> <span class='ocrx_word' id='word_1_346' title='bbox 390 3202 663 3263; x_wconf 79' lang='lat' dir='ltr'>granditer</span> <span class='ocrx_word' id='word_1_347' title='bbox 693 3202 812 3253; x_wconf 90' lang='lat' dir='ltr'>dici.</span> 
     </span>
    </p>
   </div>
   <div class='ocr_carea' id='block_1_3' title="bbox 175 3295 2245 3624">
    <p class='ocr_par' dir='ltr' id='par_1_3' title="bbox 175 3295 2245 3624">
     <span class='ocr_line' id='line_1_34' title="bbox 284 3295 2245 3370; baseline 0.005 -26"><span class='ocrx_word' id='word_1_348' title='bbox 284 3295 383 3347; x_wconf 77' lang='lat' dir='ltr'>We</span> <span class='ocrx_word' id='word_1_349' title='bbox 411 3312 516 3355; x_wconf 85' lang='lat' dir='ltr'>are,</span> <span class='ocrx_word' id='word_1_350' title='bbox 548 3297 832 3358; x_wconf 80' lang='lat' dir='ltr'>therefore,</span> <span class='ocrx_word' id='word_1_351' title='bbox 863 3311 954 3351; x_wconf 91' lang='lat' dir='ltr'>not</span> <span class='ocrx_word' id='word_1_352' title='bbox 984 3311 1038 3352; x_wconf 93' lang='lat' dir='ltr'>to</span> <span class='ocrx_word' id='word_1_353' title='bbox 1067 3320 1297 3367; x_wconf 87' lang='lat' dir='ltr'>suppose</span> <span class='ocrx_word' id='word_1_354' title='bbox 1329 3304 1442 3355; x_wconf 85' lang='lat' dir='ltr'>that</span> <span class='ocrx_word' id='word_1_355' title='bbox 1473 3304 1510 3355; x_wconf 91' lang='lat' dir='ltr'>it</span> <span class='ocrx_word' id='word_1_356' title='bbox 1542 3304 1585 3355; x_wconf 92' lang='lat' dir='ltr'>is</span> <span class='ocrx_word' id='word_1_357' title='bbox 1616 3303 1887 3370; x_wconf 89' lang='lat' dir='ltr'>improper</span> <span class='ocrx_word' id='word_1_358' title='bbox 1916 3312 1971 3354; x_wconf 94' lang='lat' dir='ltr'>to</span> <span class='ocrx_word' id='word_1_359' title='bbox 2001 3302 2245 3355; x_wconf 89' lang='lat' dir='ltr'>combine</span> 
     </span>
     <span class='ocr_line' id='line_1_35' title="bbox 178 3377 2245 3454; baseline 0.005 -25"><span class='ocrx_word' id='word_1_360' title='bbox 178 3378 324 3430; x_wconf 87' lang='lat' dir='ltr'>these</span> <span class='ocrx_word' id='word_1_361' title='bbox 362 3377 577 3432; x_wconf 82' lang='lat' dir='ltr'>various</span> <span class='ocrx_word' id='word_1_362' title='bbox 616 3384 792 3446; x_wconf 80' lang='lat' dir='ltr'>styleS.</span> <span class='ocrx_word' id='word_1_363' title='bbox 831 3383 923 3436; x_wconf 87' lang='lat' dir='ltr'>but</span> <span class='ocrx_word' id='word_1_364' title='bbox 959 3400 1031 3435; x_wconf 93' lang='lat' dir='ltr'>on</span> <span class='ocrx_word' id='word_1_365' title='bbox 1071 3385 1157 3437; x_wconf 90' lang='lat' dir='ltr'>the</span> <span class='ocrx_word' id='word_1_366' title='bbox 1197 3396 1463 3453; x_wconf 88' lang='lat' dir='ltr'>contrary,</span> <span class='ocrx_word' id='word_1_367' title='bbox 1504 3404 1664 3454; x_wconf 90' lang='lat' dir='ltr'>every</span> <span class='ocrx_word' id='word_1_368' title='bbox 1704 3387 1911 3453; x_wconf 89' lang='lat' dir='ltr'>variety</span> <span class='ocrx_word' id='word_1_369' title='bbox 1949 3387 2142 3439; x_wconf 91' lang='lat' dir='ltr'>should</span> <span class='ocrx_word' id='word_1_370' title='bbox 2180 3386 2245 3439; x_wconf 90' lang='lat' dir='ltr'>be</span> 
     </span>
     <span class='ocr_line' id='line_1_36' title="bbox 179 3462 2245 3540; baseline 0.004 -27"><span class='ocrx_word' id='word_1_371' title='bbox 179 3462 490 3515; x_wconf 86' lang='lat' dir='ltr'>introduced</span> <span class='ocrx_word' id='word_1_372' title='bbox 524 3481 584 3515; x_wconf 93' lang='lat' dir='ltr'>so</span> <span class='ocrx_word' id='word_1_373' title='bbox 617 3464 702 3517; x_wconf 82' lang='lat' dir='ltr'>far</span> <span class='ocrx_word' id='word_1_374' title='bbox 732 3484 788 3517; x_wconf 93' lang='lat' dir='ltr'>as</span> <span class='ocrx_word' id='word_1_375' title='bbox 822 3484 942 3533; x_wconf 89' lang='lat' dir='ltr'>may</span> <span class='ocrx_word' id='word_1_376' title='bbox 973 3469 1037 3520; x_wconf 90' lang='lat' dir='ltr'>be</span> <span class='ocrx_word' id='word_1_377' title='bbox 1066 3471 1357 3523; x_wconf 89' lang='lat' dir='ltr'>consistent</span> <span class='ocrx_word' id='word_1_378' title='bbox 1391 3473 1519 3523; x_wconf 86' lang='lat' dir='ltr'>with</span> <span class='ocrx_word' id='word_1_379' title='bbox 1549 3473 1691 3540; x_wconf 92' lang='lat' dir='ltr'>good</span> <span class='ocrx_word' id='word_1_380' title='bbox 1723 3482 1875 3525; x_wconf 88' lang='lat' dir='ltr'>taste.</span> <span class='ocrx_word' id='word_1_381' title='bbox 1943 3472 2123 3524; x_wconf 53' lang='lat' dir='ltr'>&amp;Vhen</span> <span class='ocrx_word' id='word_1_382' title='bbox 2155 3471 2245 3522; x_wconf 91' lang='lat' dir='ltr'>the</span> 
     </span>
     <span class='ocr_line' id='line_1_37' title="bbox 175 3548 2244 3624; baseline 0.004 -26"><span class='ocrx_word' id='word_1_383' title='bbox 175 3556 358 3599; x_wconf 85' lang='lat' dir='ltr'>orator</span> <span class='ocrx_word' id='word_1_384' title='bbox 397 3548 556 3614; x_wconf 86' lang='lat' dir='ltr'>keeps</span> <span class='ocrx_word' id='word_1_385' title='bbox 594 3553 1006 3619; x_wconf 87' lang='lat' dir='ltr'>monotonously</span> <span class='ocrx_word' id='word_1_386' title='bbox 1047 3563 1103 3606; x_wconf 96' lang='lat' dir='ltr'>to</span> <span class='ocrx_word' id='word_1_387' title='bbox 1142 3572 1248 3622; x_wconf 89' lang='lat' dir='ltr'>any</span> <span class='ocrx_word' id='word_1_388' title='bbox 1283 3574 1385 3609; x_wconf 92' lang='lat' dir='ltr'>one</span> <span class='ocrx_word' id='word_1_389' title='bbox 1427 3559 1576 3624; x_wconf 90' lang='lat' dir='ltr'>style,</span> <span class='ocrx_word' id='word_1_390' title='bbox 1616 3557 1682 3608; x_wconf 89' lang='lat' dir='ltr'>he</span> <span class='ocrx_word' id='word_1_391' title='bbox 1725 3555 1850 3610; x_wconf 82' lang='lat' dir='ltr'>fails</span> <span class='ocrx_word' id='word_1_392' title='bbox 1892 3566 1949 3609; x_wconf 93' lang='lat' dir='ltr'>to</span> <span class='ocrx_word' id='word_1_393' title='bbox 1986 3556 2114 3608; x_wconf 91' lang='lat' dir='ltr'>hold</span> <span class='ocrx_word' id='word_1_394' title='bbox 2153 3557 2244 3608; x_wconf 90' lang='lat' dir='ltr'>the</span> 
     </span>
    </p>
   </div>
  </div>
 </body>
</html>
