2373 4033
545 145 919 198 AUGUSTINE'S
957 160 1119 196 IDEAL
1155 161 1613 197 ECCLESIASTICAL
1648 161 1858 198 ORATOR
2173 162 2233 215 15

178 315 424 366 rhetoric.
500 316 670 366 Porro
707 316 796 379 qui
835 333 941 365 non
980 315 1151 366 solum
1190 315 1470 379 sapienter,
1506 333 1695 366 verum
1733 316 1892 366 etiam
1931 317 2239 381 eloquenter

173 398 287 450 vult
323 398 514 462 dicere,
551 397 805 462 quoniam
840 399 1089 462 profecto
1122 400 1241 463 plus
1277 397 1530 463 proderit,
1572 399 1613 450 si
1652 408 1938 463 utrumque
1975 399 2237 464 potuerit;

174 483 241 534 ad
267 484 519 549 legendos
547 483 629 535 vel
657 484 951 534 audiendos
980 492 1031 534 et
1059 484 1439 534 exercitatione
1469 484 1754 535 imitandos
1783 486 2086 548 eloquentes
2118 503 2238 537 eum

168 567 324 618 mitto
366 567 630 627 libentiuS,
676 584 836 632 quam
881 567 1152 632 magistris
1197 565 1327 618 artis
1375 567 1672 619 rhetoricae
1715 586 1908 619 vacare
1952 569 2240 634 praecipio.

184 652 277 717 (D.
305 652 369 702 D.
400 651 455 702 C.
486 651 581 711 IV,
612 664 654 716 5.
678 651 756 716 8.)

277 733 588 801 Regarding
616 735 708 785 the
742 751 888 785 same
919 733 1191 799 principle,
1228 733 1416 786 Cicero
1451 752 1588 800 says,
1624 735 1706 786 De
1744 734 1891 786 Orat.
1932 737 2004 796 ΙΙ,
2041 750 2120 786 20.
2143 735 2237 800 85:

172 818 356 884 Quare
383 837 481 886 ego
510 820 602 870 tibi
631 829 901 871 oratorem
929 821 1002 870 sic
1030 821 1135 870 iam
1165 820 1455 880 instituam,
1487 821 1529 870 si
1558 830 1760 884 potem,
1791 828 1848 870 ut
1877 821 2004 884 quid
2033 820 2239 871 efficere

169 905 336 968 possit
387 912 509 955 ante
558 905 890 968 perspiciam.
981 903 1060 954 Sit
1110 905 1249 954 enim
1299 903 1428 953 mihi
1479 904 1675 954 tinctus
1722 905 1942 965 litteris;
2010 905 2239 955 audierit

171 985 388 1051 aliquid,
420 988 621 1053 legerit,
654 988 755 1039 ista
788 989 902 1052 ipsa
933 997 1216 1052 praecepta
1249 987 1539 1052 acceperit:
1573 987 1845 1052 temptabo
1877 986 2005 1052 quid
2040 988 2239 1049 deceat,

172 1072 301 1138 quid
326 1089 473 1134 voce,
501 1072 629 1138 quid
655 1073 874 1132 viribus,
903 1073 1030 1138 quid
1060 1073 1265 1137 spiritu,
1294 1073 1422 1137 quid
1449 1072 1631 1138 lingua
1659 1073 1866 1123 efficere
1891 1073 2074 1137 possit.

550 1157 640 1222 (b)
674 1157 762 1208 He
785 1156 997 1208 Shoztld
1016 1157 1261 1208 Praetice
1285 1157 1530 1222 Himself
1552 1159 1607 1208 in
1636 1157 1868 1223 Writiny

279 1239 342 1290 In
378 1239 619 1291 addition
658 1249 714 1290 to
750 1238 1001 1306 listening
1035 1250 1090 1292 to
1128 1241 1375 1304 eloquent
1412 1258 1550 1302 men,
1589 1241 1694 1291 and
1733 1241 1956 1306 reading
1993 1242 2242 1304 eloquent

173 1324 438 1389 speeches,
484 1324 554 1375 let
599 1324 686 1376 the
733 1323 1106 1376 ecclesiastical
1150 1333 1335 1376 orator
1381 1326 1603 1389 develop
1649 1325 1866 1376 himself
1913 1325 1981 1390 by
2027 1325 2242 1390 writing

171 1410 276 1460 and
318 1411 600 1476 dictating:
661 1411 944 1462 accendete
985 1412 1068 1462 vel
1106 1412 1340 1461 maxime
1381 1411 1764 1462 exercitatione
1807 1410 1918 1462 sive
1960 1410 2239 1469 scribendi,

174 1494 285 1545 sive
326 1494 579 1555 dictandi,
620 1503 892 1559 postremo
935 1495 1096 1545 etiam
1133 1494 1364 1555 dicendi,
1408 1511 1544 1559 quae
1587 1494 1882 1545 secundum
1924 1494 2137 1559 pietatis
2179 1511 2240 1545 ac

172 1577 295 1628 fidei
327 1579 566 1643 regulam
597 1579 770 1629 sentit.
847 1579 942 1643 (D.
972 1579 1037 1628 D.
1075 1578 1129 1629 C.
1166 1579 1263 1638 IV,
1297 1593 1342 1643 3.
1365 1580 1444 1643 4.)

275 1661 427 1712 With
457 1661 732 1713 reference
760 1671 815 1713 to
841 1662 1030 1722 which,
1060 1661 1264 1722 Cicero,
1293 1663 1375 1714 De
1405 1661 1552 1713 Orat.
1587 1662 1658 1723 ΙΙ,
1687 1677 1768 1727 23.
1790 1661 1873 1727 96,
1904 1680 2051 1727 says:
2082 1662 2240 1713 Hanc

174 1743 335 1812 igitur
382 1746 785 1797 similitudinem
830 1747 919 1811 qui
966 1745 1260 1798 imitatione
1305 1746 1525 1811 adsequi
1571 1748 1728 1807 volet,
1777 1763 1938 1811 quom
1985 1747 2243 1798 exercita-

170 1831 402 1883 tionibus
441 1831 638 1883 crebris
677 1840 834 1896 atque
870 1833 1077 1898 magnis
1115 1842 1230 1883 tum
1266 1832 1545 1884 scribendo
1583 1849 1836 1884 maxume
1873 1841 2240 1896 persequatur.

525 1917 610 1983 (c)
690 1918 780 1968 He
814 1917 1024 1968 Should
1061 1917 1270 1969 Choose
1306 1936 1336 1968 α
1372 1917 1562 1969 Model
1598 1925 1648 1968 to
1685 1918 1900 1968 Imitate

274 2000 352 2052 As
387 2002 590 2053 infants
623 2003 770 2053 learn
804 2011 858 2053 to
893 2002 1055 2066 speak
1088 2002 1156 2067 by
1191 2003 1457 2068 imitating
1491 2002 1580 2055 the
1613 2001 1802 2066 speech
1837 2001 1897 2053 of
1931 2001 2083 2052 those
2117 2001 2242 2065 they

174 2083 317 2146 hear,
356 2101 417 2136 so
452 2084 520 2150 by
557 2085 824 2151 imitating
859 2104 888 2136 a
926 2095 1077 2151 great
1114 2086 1339 2150 speaker
1374 2087 1481 2136 will
1520 2085 1609 2136 the
1648 2086 2022 2136 ecclesiastical
2061 2094 2244 2136 orator

175 2169 392 2220 become
437 2171 699 2235 eloquent.
783 2171 1144 2236 Quapropter,
1191 2188 1313 2221 cum
1359 2189 1427 2221 ex
1472 2171 1768 2221 infantibus
1814 2171 2089 2235 loquentes
2136 2186 2243 2220 non

176 2252 320 2315 fiant,
357 2253 458 2304 nisi
494 2252 787 2306 locutiones
823 2254 1079 2306 discendo
1113 2252 1473 2319 loquentium;
1512 2271 1605 2305 cur
1641 2254 1948 2318 eloquentes
1987 2254 2101 2304 fieri
2137 2271 2244 2305 non

170 2338 392 2402 possint,
438 2338 583 2389 nulla
628 2337 910 2404 eloqu-endi
956 2347 1070 2390 arte
1114 2339 1326 2400 tradita,
1374 2339 1467 2390 sed
1513 2337 1839 2390 elocutiones
1885 2337 2247 2403 eloquentium

175 2422 400 2487 legendo
453 2432 504 2473 et
555 2423 837 2483 audiendo,
892 2432 943 2474 et
994 2432 1254 2488 quantum
1305 2424 1516 2488 assequi
1568 2423 1895 2483 conceditur,
1952 2422 2243 2473 imitando?

187 2506 280 2570 (D.
313 2506 377 2556 D.
416 2506 473 2557 C.
508 2507 603 2568 IV,
636 2522 681 2572 3.
708 2509 783 2573 5.)

281 2588 370 2640 On
402 2590 491 2642 the
523 2589 780 2655 principle
813 2591 874 2643 of
908 2589 1188 2653 imitation,
1224 2591 1428 2652 Cicero,
1462 2592 1545 2643 De
1580 2590 1730 2642 Orat.
1769 2591 1839 2651 ΙΙ,
1874 2605 1956 2641 22.
1977 2604 2061 2655 90,
2095 2606 2244 2654 says:

179 2673 323 2740 Ergo
366 2674 465 2726 hoc
508 2675 574 2726 sit
615 2677 849 2740 primum
891 2677 943 2727 in
987 2675 1283 2741 praeceptis
1325 2676 1474 2737 meiS,
1516 2685 1575 2727 ut
1618 2677 2042 2727 demonstremus
2089 2691 2248 2739 quem

179 2759 418 2810 imit-etur
443 2769 602 2825 atque
630 2762 702 2811 ita
731 2770 803 2822 ut,
832 2778 966 2826 quae
993 2779 1246 2813 maxume
1274 2760 1536 2812 excellent
1563 2761 1615 2811 in
1643 2779 1720 2820 eo,
1749 2777 1905 2825 quem
1936 2759 2245 2819 imitabitur,

179 2859 240 2894 ea
277 2843 679 2909 diligentissime
716 2853 1082 2909 persequatur.
1156 2847 1298 2895 Tum
1336 2845 1552 2896 accedat
1589 2845 1916 2904 exercitatiO,
1957 2860 2061 2908 qua
2100 2843 2248 2893 illum

180 2945 338 2993 quem
367 2928 622 2994 delegerit
653 2929 912 2980 imitando
942 2930 1157 2995 effingat
1186 2939 1343 2994 atque
1375 2929 1655 2994 exprimat.

285 3011 451 3064 From
483 3011 573 3065 the
607 3012 775 3066 above
811 3013 1058 3065 citations
1092 3012 1132 3064 it
1167 3008 1392 3078 appears
1426 3013 1543 3064 that
1577 3031 1634 3064 as
1672 3011 1861 3064 Cicero
1898 3012 2076 3063 would
2111 3011 2247 3062 have

180 3094 262 3148 his
290 3097 426 3148 ideal
453 3105 636 3149 orator
661 3096 817 3149 listen
844 3107 898 3150 to
926 3098 1174 3162 eloquent
1202 3098 1467 3163 speaker5‚
1498 3099 1601 3149 and
1630 3098 1756 3149 read
1785 3097 1872 3148 the
1899 3095 2247 3161 productions

179 3181 242 3231 of
282 3182 532 3246 eloquent
568 3200 721 3244 men;
761 3183 875 3234 that
915 3201 973 3235 as
1014 3183 1078 3234 he
1118 3182 1296 3235 would
1337 3182 1472 3234 have
1513 3182 1622 3232 him
1662 3183 1893 3247 practice
1935 3180 2152 3232 himself
2194 3182 2248 3231 in

183 3266 398 3333 writing
443 3268 549 3318 and
597 3268 882 3330 dictation3
930 3268 1051 3329 and,
1101 3267 1297 3333 finally,
1347 3267 1461 3318 that
1509 3285 1567 3318 as
1615 3267 1681 3320 he
1728 3266 1906 3318 would
1955 3266 2090 3318 have
2138 3264 2249 3315 him

183 3351 376 3402 choose
403 3367 506 3403 one
537 3370 598 3403 or
627 3369 775 3403 more
805 3352 1038 3404 eminent
1068 3360 1277 3404 orators
1309 3360 1365 3403 to
1393 3351 1611 3414 imitate,
1647 3368 1707 3402 so
1736 3351 1915 3402 would
1946 3350 2248 3417 Augustine

184 3434 318 3487 have
349 3435 429 3488 his
460 3435 833 3489 ecclesiastical
862 3446 1046 3489 orator
1076 3436 1216 3489 train
1247 3436 1481 3489 himself.
