2373 4033
666 142 1041 194 AUGUSTINE'S
1078 157 1241 193 IDEAL
1277 132 1735 196 ECCLEsrAsTICAL
1771 161 1981 198 ORATOR
2327 162 2355 215 5

291 279 372 332 his
405 280 778 347 undertaking,
812 281 878 333 he
911 280 969 343 is,
1005 282 1151 334 after
1182 284 1266 344 all,
1299 283 1483 350 giving
1515 285 1568 335 in
1599 285 1801 337 outline
1834 284 1915 337 his
1946 285 2087 338 ideal
2119 287 2181 339 of
2213 288 2357 339 what

293 366 382 417 the
417 366 796 418 ecclesiastical
831 376 1012 418 orator
1047 368 1238 419 should
1273 368 1352 430 be,
1387 369 1493 419 and
1528 370 1643 421 that
1677 370 1781 421 this
1818 371 1955 422 ideal
1992 371 2049 432 is,
2087 373 2140 422 in
2176 389 2234 423 so
2272 374 2358 423 far

289 466 348 500 as
379 448 468 501 the
495 457 686 502 nature
711 450 775 501 of
805 451 845 501 it
872 450 979 501 will
1009 450 1191 514 admit,
1222 452 1381 503 taken
1413 452 1559 503 from
1588 452 1793 506 Cicero.
1860 455 1977 506 The
2009 455 2146 507 ideal
2172 465 2358 507 orator

288 533 350 585 of
382 532 572 585 Cicero
600 535 644 585 is
674 534 763 586 the
793 535 1008 600 lawyer,
1037 536 1127 587 the
1158 544 1448 588 statesman
1466 555 1477 598 ;
1509 537 1856 604 Augustine's
1889 538 1932 591 is
1964 540 2052 591 the
2082 540 2354 605 preacher.

288 618 404 670 The
446 619 557 670 fact
593 621 654 670 of
694 619 775 670 his
815 620 1013 686 having
1050 622 1323 685 protested
1364 621 1492 672 With
1531 622 1700 688 vigor,
1742 624 1806 675 D.
1849 624 1914 676 D.
1958 624 2016 681 C.
2061 625 2155 678 IV.
2199 641 2244 677 2.
2286 628 2357 691 3,4

288 701 405 753 that
443 701 676 754 rhetoric
717 703 761 754 is
802 721 860 754 as
901 703 1159 756 available
1197 713 1254 756 to
1295 705 1384 757 the
1424 706 1682 770 preacher
1723 724 1780 758 as
1824 717 1878 759 to
1918 708 2008 760 the
2050 709 2256 774 sophist
2293 726 2357 760 or

288 794 559 852 opponent
588 786 650 837 of
681 788 829 839 truth
847 806 859 850 ;
891 787 1008 840 that
1037 788 1186 840 there
1214 788 1260 841 is
1294 809 1323 843 a
1354 806 1550 855 proper
1579 791 1706 842 time
1738 800 1792 843 to
1823 790 1970 843 learn
1999 793 2091 844 the
2124 796 2264 846 rules
2296 795 2356 845 of

289 871 534 934 rhetoric,
570 873 636 923 D.
672 872 740 923 D.
780 872 836 924 C.
874 873 971 935 IV,
1007 889 1053 938 3.
1089 876 1174 937 4;5
1210 874 1326 926 that
1359 876 1448 927 the
1483 876 1739 940 preacher
1774 886 1917 928 must
1955 879 2196 938 instruct,
2235 896 2357 929 con-

287 955 463 1007 ciliate
491 957 596 1007 and
625 973 816 1008 arouse
845 957 927 1008 his
956 958 1188 1018 hearerS,
1219 959 1286 1010 D.
1316 959 1380 1010 D.
1417 959 1470 1010 C.
1506 960 1602 1021 IV,
1631 976 1678 1023 4.
1711 959 1794 1022 6;6
1825 961 1939 1012 that
1969 963 2012 1012 if
2042 963 2269 1014 wisdom
2298 980 2359 1014 or

290 1039 576 1103 eloquence
607 1041 649 1091 is
681 1049 735 1091 to
765 1040 829 1092 be
860 1041 1072 1108 lacking
1100 1043 1153 1092 in
1181 1042 1272 1094 the
1303 1044 1574 1107 preacher,
1608 1043 1675 1095 he
1705 1044 1896 1101 should
1927 1045 1991 1097 be
2021 1047 2149 1097 wise
2180 1046 2360 1097 rather

290 1124 420 1175 than
447 1125 710 1190 eloquent,
737 1126 802 1175 D.
832 1126 896 1176 D.
930 1126 972 1176 C
979 1168 986 1176 .
1017 1127 1113 1187 IV,
1145 1139 1187 1191 5.
1215 1139 1246 1191 7
1264 1129 1298 1187 ;⁷
1326 1128 1441 1178 that
1467 1128 1533 1179 he
1562 1129 1754 1180 should
1782 1129 2051 1181 endeavor
2077 1131 2276 1196 always
2304 1141 2359 1182 to

286 1207 350 1260 be
381 1208 522 1260 clear
550 1210 656 1261 and
690 1210 1012 1276 intelligible‚
1042 1211 1110 1262 D.
1142 1212 1209 1263 D.
1245 1211 1301 1264 C.
1335 1212 1432 1274 IV,
1471 1228 1546 1264 10.
1580 1228 1646 1276 24
1663 1215 1698 1275 ;8
1730 1214 1843 1265 that
1874 1215 1940 1266 he
1971 1215 2162 1266 should
2197 1216 2360 1280 speak

400 1302 488 1348 ⁴D.
518 1305 576 1349 D.
607 1303 657 1349 C.
691 1307 775 1359 IV,
805 1319 842 1350 2.
861 1320 912 1360 3:
974 1307 1099 1351 Nam
1127 1323 1231 1352 curn
1260 1323 1342 1361 per
1372 1317 1519 1352 artem
1551 1309 1830 1354 rhetoricam
1862 1319 1906 1354 et
1934 1326 2046 1355 vera
2078 1311 2359 1356 suadeantur

291 1383 336 1420 et
389 1376 522 1429 falsa,
573 1377 676 1430 quis
726 1378 895 1422 audeat
945 1377 1112 1431 dicere,
1163 1379 1388 1423 adversus
1440 1380 1732 1424 mendacium
1785 1381 1830 1423 in
1883 1382 2210 1427 defensoribus
2264 1384 2359 1426 suis

288 1446 514 1491 inermem
557 1447 723 1492 debere
767 1449 1023 1494 consistere
1065 1451 1321 1503 veritatem,
1367 1458 1416 1494 ut
1460 1452 1674 1496 videlicet
1718 1453 1783 1495 illi
1827 1453 1904 1504 qui
1950 1468 2022 1497 res
2069 1454 2215 1498 falsas
2259 1469 2360 1507 per-

289 1516 484 1561 suadere
534 1526 776 1569 conantur,
826 1520 1043 1563 noverint
1094 1519 1354 1564 auditorem
1404 1521 1475 1564 vel
1528 1521 1814 1573 benevolum,
1868 1523 1939 1565 vel
1993 1523 2234 1577 intentum,
2286 1527 2358 1567 vel

292 1587 490 1630 docilem
533 1588 773 1640 prooemio
823 1588 1004 1640 facere;
1047 1589 1122 1632 isti
1167 1596 1323 1633 autem
1407 1604 1501 1633 non
1545 1591 1791 1635 noverint?
1865 1592 1930 1635 illi
1978 1592 2098 1636 falsa
2143 1593 2360 1645 breviter,

289 1664 458 1710 aperte,
483 1657 824 1702 verissimiliter
839 1672 849 1710 ;
891 1667 936 1702 et
959 1659 1035 1703 isti
1062 1674 1174 1704 vera
1199 1660 1264 1704 sic
1289 1668 1492 1712 narrent,
1518 1669 1569 1705 ut
1592 1660 1755 1706 audire
1781 1663 1977 1713 taedeat,
1998 1663 2253 1717 intelligere
2270 1678 2365 1708 non

283 1736 452 1781 pateat,
498 1728 685 1773 credere
728 1737 966 1782 postremo
1009 1745 1103 1774 non
1147 1731 1316 1776 libeat?
1379 1732 1443 1775 illi
1494 1732 1738 1777 fallacibus
1784 1735 2071 1787 argumentis
2116 1736 2360 1779 veritatem

287 1805 568 1852 oppugnent,
607 1807 819 1843 asserant
859 1800 1138 1853 falsitatem;
1193 1802 1269 1845 isti
1308 1816 1393 1846 nec
1431 1817 1543 1846 vera
1582 1802 1849 1855 defendere,
1891 1819 1979 1848 nec·
2017 1804 2138 1848 falsa
2175 1805 2362 1849 valeant

288 1870 529 1914 refutare?
570 1871 636 1913 illi
662 1872 842 1916 animos
870 1873 1157 1916 audientium
1183 1874 1229 1916 in
1257 1887 1464 1917 errorem
1492 1883 1732 1919 moventes
1759 1877 2137 1928 impellentesque
2166 1877 2361 1920 dicendo

286 1947 505 1991 terreant,
558 1941 849 1994 contristent,
902 1943 1177 1994 exhilarent,
1231 1943 1538 1988 exhortentur
1589 1944 1830 1996 ardenter;
1886 1946 1961 1990 isti
2014 1961 2097 1999 pro
2150 1948 2358 1998 veritate,

290 2009 402 2054 lenti
438 2010 690 2063 frigidique
723 2011 1006 2056 dormitent?
1068 2012 1186 2065 Quis
1220 2014 1283 2056 ita
1316 2013 1525 2066 desipiat,
1558 2022 1609 2058 ut
1641 2015 1728 2058 hoc
1764 2015 1939 2067 sapiat?
2004 2016 2121 2059 Cum
2156 2030 2267 2069 ergo
2301 2015 2360 2060 sit

291 2080 338 2123 in
372 2081 529 2124 medio
563 2082 715 2134 posita
754 2083 954 2126 facultas
991 2083 1175 2136 eloquii,
1210 2099 1326 2137 quae
1364 2085 1422 2127 ad
1459 2085 1782 2137 persuadenda
1820 2101 1899 2130 seu
1937 2102 2081 2139 prava
2121 2102 2199 2131 seu
2235 2096 2360 2131 recta

288 2152 411 2196 valet
456 2153 730 2204 plurimum:
786 2169 868 2197 cur
909 2168 1001 2197 non
1043 2154 1273 2198 bonorum
1316 2155 1470 2199 studio
1515 2166 1822 2209 comparatur,
1864 2165 1914 2200 ut
1954 2158 2122 2201 militet
2164 2159 2364 2210 veritati,

290 2222 327 2266 si
365 2236 464 2266 eam
499 2223 608 2267 mali
642 2224 701 2267 ad
737 2224 1010 2268 obtinendas
1047 2240 1288 2278 perversas
1323 2240 1559 2278 vanasque
1594 2241 1757 2271 causas
1794 2228 1839 2270 in
1876 2242 1986 2272 usus
2024 2229 2279 2280 iniquitatis
2316 2238 2360 2274 et

289 2292 463 2336 erroris
497 2293 753 2345 usurpant?

398 2359 486 2406 5D.
516 2363 573 2405 D.
607 2362 656 2406 C.
691 2363 773 2415 IV,
804 2375 897 2416 3.4:
948 2363 1041 2407 Sed
1069 2378 1384 2418 quaecumque
1418 2373 1525 2409 sunt
1557 2365 1614 2409 de
1645 2366 1730 2410 hac
1765 2381 1814 2410 re
1845 2366 2194 2411 observationes
2227 2375 2364 2420 atque

290 2440 548 2484 praecepta,
589 2433 754 2486 quibus
796 2449 899 2477 cum
941 2434 1117 2478 accedit
1156 2435 1200 2477 in
1242 2435 1395 2479 verbis
1437 2437 1649 2488 plurimis
1691 2437 2068 2490 ornamentisque
2109 2438 2359 2481 verborum

284 2502 634 2547 exercitationis
665 2503 852 2557 linguae
887 2505 1190 2549 solertissima
1223 2507 1524 2555 consuetudo,
1558 2507 1610 2551 fit
1639 2508 1718 2551 illa
1752 2523 1868 2561 quae
1905 2508 2125 2552 facundia
2157 2510 2228 2552 vel
2265 2510 2358 2553 elo-

284 2574 471 2625 quentia
499 2575 792 2627 nominatur;
826 2585 958 2620 extra
988 2577 1100 2622 istas
1131 2577 1308 2622 litteras
1337 2586 1534 2631 nostras,
1567 2579 1767 2631 seposito
1800 2579 1856 2622 ad
1887 2579 1973 2623 hoc
2005 2593 2211 2632 congruo
2243 2586 2358 2623 tem-

289 2643 417 2696 poris
456 2644 619 2697 spatio,
656 2653 764 2698 apta
801 2654 846 2689 et
883 2647 1176 2690 convenienti
1212 2656 1362 2691 aetate
1400 2647 1620 2692 discenda
1660 2657 1766 2692 sunt
1803 2649 1868 2692 eis
1906 2650 1982 2702 qui
2020 2649 2108 2693 hoc
2146 2650 2358 2693 celeriter

289 2723 496 2767 possunt.

398 2785 488 2829 ⁰D.
523 2786 581 2830 D.
619 2785 668 2832 C.
708 2788 790 2840 IV,
826 2791 932 2841 46:
999 2788 1150 2832 Debet
1184 2789 1325 2842 igitur
1363 2789 1626 2833 divinarum
1667 2789 2012 2842 Scripturarum
2049 2798 2277 2834 tractator
2313 2798 2358 2834 et

286 2855 462 2910 doctor,
501 2857 724 2902 defensor
762 2867 913 2903 rectae
949 2859 1055 2903 fidei
1093 2874 1144 2904 ac
1181 2860 1435 2904 debellator
1472 2861 1657 2911 erroris,
1697 2869 1740 2904 et
1778 2861 1898 2905 bona
1936 2860 2116 2912 docere,
2154 2870 2198 2905 et
2235 2863 2355 2904 mala

285 2925 535 2977 dedocere;
571 2935 706 2979 atque
738 2928 784 2970 in
816 2929 902 2971 hoc
934 2943 1072 2981 opere
1104 2930 1331 2974 sermonis
1363 2930 1609 2974 conciliare
1643 2929 1878 2982 adversos,
1913 2930 2131 2975 remissos
2163 2931 2354 2983 erigere,

287 2997 597 3040 nescientibus
624 2997 732 3049 quid
760 3006 935 3050 agatur,
963 2999 1073 3049 quid
1101 3006 1369 3052 exspectare
1396 2999 1591 3043 debeant
1617 3000 1844 3044 intimare.

393 3063 406 3084 ⁷
426 3066 512 3110 See
543 3081 659 3120 page
693 3080 727 3120 1,
757 3075 866 3111 note
895 3080 933 3110 2.

394 3134 480 3179 SD.
523 3137 580 3180 D.
624 3136 674 3181 C.
719 3138 802 3190 IV,
848 3151 991 3191 1024:
1064 3137 1190 3191 Quid
1232 3140 1354 3182 enim
1395 3139 1586 3192 prodest
1628 3139 1877 3183 locutionis
1921 3140 2177 3192 integritas,
2218 3153 2355 3193 quam

286 3218 380 3250 non
417 3207 623 3258 sequitur
661 3208 922 3252 intellectus
961 3209 1202 3260 audientiS,
1241 3224 1344 3252 curn
1382 3210 1599 3261 loquendi
1638 3211 1828 3254 omnino
1866 3211 1991 3254 nulla
2032 3211 2089 3255 sit
2126 3224 2278 3262 causa,
2317 3210 2354 3254 si

288 3275 413 3328 quod
450 3277 684 3329 loquimur
719 3292 812 3321 non
851 3278 1125 3331 intelligunt,
1164 3287 1352 3331 propter
1389 3294 1505 3332 quos
1543 3289 1593 3323 ut
1633 3279 1892 3333 intelligant
1930 3279 2192 3333 loquimur?
2261 3279 2354 3332 Qui

285 3360 397 3398 ergo
432 3345 578 3398 docet,
612 3348 775 3393 vitabit
807 3350 961 3393 omnia
996 3350 1135 3393 verba
1168 3364 1283 3402 quae
1317 3364 1410 3394 non
1444 3350 1635 3401 docent;
1671 3359 1714 3395 et
1749 3351 1784 3395 si
1819 3365 1903 3403 pro
1938 3352 2003 3395 eis
2036 3351 2126 3395 alia
2159 3351 2352 3403 integra,

283 3429 402 3468 quae
435 3415 769 3470 intelligantur,
801 3426 954 3471 potest
989 3419 1154 3471 dicere,
1190 3419 1237 3463 id
1269 3421 1421 3473 magis
1455 3419 1617 3473 eliget:
1670 3420 1706 3464 si
1741 3428 1896 3463 autem
1930 3434 2023 3463 non
2058 3427 2222 3472 potest,
2260 3418 2356 3462 sive

288 3486 395 3537 quia
432 3501 527 3530 non
568 3495 685 3540 sunt,
728 3489 823 3534 sive
860 3491 967 3542 quia
1007 3491 1051 3533 in
1091 3492 1352 3544 praesentia
1389 3506 1484 3536 non
1524 3499 1785 3544 occurrunt,
1827 3499 1982 3535 utetur
2023 3491 2160 3534 etiam
2201 3490 2354 3534 verbis

285 3556 438 3601 minus
462 3557 669 3611 integris,
694 3558 803 3601 dum
828 3567 983 3604 tamen
1011 3574 1083 3605 res
1109 3561 1206 3613 ipsa
1231 3560 1452 3604 doceatur
1476 3569 1612 3612 atque
1636 3560 1840 3605 discatur
1866 3560 2056 3612 integre.
