<?xml version="1.0" encoding="UTF-8"?>
<!DOCTYPE html PUBLIC "-//W3C//DTD XHTML 1.0 Transitional//EN"
    "http://www.w3.org/TR/xhtml1/DTD/xhtml1-transitional.dtd">
<html xmlns="http://www.w3.org/1999/xhtml" xml:lang="en" lang="en">
 <head>
  <title>
</title>
<meta http-equiv="Content-Type" content="text/html;charset=utf-8" />
  <meta name='ocr-system' content='tesseract 3.04.00' />
  <meta name='ocr-capabilities' content='ocr_page ocr_carea ocr_par ocr_line ocrx_word'/>
</head>
<body>
  <div class='ocr_page' id='page_1' title='image "./influenceofcicer00eskr_0018.png"; bbox 0 0 2373 4033; ppageno 0'>
   <div class='ocr_carea' id='block_1_1' title="bbox 55 226 2014 280">
    <p class='ocr_par' dir='ltr' id='par_1_1' title="bbox 55 226 2014 280">
     <span class='ocr_line' id='line_1_1' title="bbox 55 226 2014 280; baseline -0.002 0"><span class='ocrx_word' id='word_1_1' title='bbox 55 228 90 280; x_wconf 90' lang='lat'>6</span> <span class='ocrx_word' id='word_1_2' title='bbox 171 228 412 280; x_wconf 76' lang='lat' dir='ltr'>CICERO’S</span> <span class='ocrx_word' id='word_1_3' title='bbox 447 242 777 279; x_wconf 78' lang='lat' dir='ltr'>INFLUENCE</span> <span class='ocrx_word' id='word_1_4' title='bbox 811 241 964 279; x_wconf 80' lang='lat' dir='ltr'><strong>UPON</strong></span> <span class='ocrx_word' id='word_1_5' title='bbox 1001 226 1378 279; x_wconf 73' lang='lat' dir='ltr'>Aucusrmss&#39;s</span> <span class='ocrx_word' id='word_1_6' title='bbox 1409 240 1753 278; x_wconf 74' lang='lat' dir='ltr'>oRArochL</span> <span class='ocrx_word' id='word_1_7' title='bbox 1786 240 2014 278; x_wconf 61' lang='lat' dir='ltr'>‘rna-om(</span> 
     </span>
    </p>
   </div>
   <div class='ocr_carea' id='block_1_2' title="bbox 57 394 2201 1312">
    <p class='ocr_par' dir='ltr' id='par_1_2' title="bbox 57 394 2201 1312">
     <span class='ocr_line' id='line_1_2' title="bbox 57 394 2133 463; baseline -0.001 -13"><span class='ocrx_word' id='word_1_8' title='bbox 57 398 184 450; x_wconf 90' lang='lat' dir='ltr'>both</span> <span class='ocrx_word' id='word_1_9' title='bbox 213 397 406 463; x_wconf 85' lang='lat' dir='ltr'>clearly</span> <span class='ocrx_word' id='word_1_10' title='bbox 434 398 540 449; x_wconf 89' lang='lat' dir='ltr'>and</span> <span class='ocrx_word' id='word_1_11' title='bbox 567 397 886 461; x_wconf 88' lang='lat' dir='ltr'>eloquently,</span> <span class='ocrx_word' id='word_1_12' title='bbox 914 395 981 448; x_wconf 88' lang='lat' dir='ltr'>D.</span> <span class='ocrx_word' id='word_1_13' title='bbox 1012 395 1079 447; x_wconf 88' lang='lat' dir='ltr'>D.</span> <span class='ocrx_word' id='word_1_14' title='bbox 1111 394 1168 447; x_wconf 89' lang='lat' dir='ltr'>C.</span> <span class='ocrx_word' id='word_1_15' title='bbox 1201 395 1297 456; x_wconf 91' lang='lat' dir='ltr'>IV,</span> <span class='ocrx_word' id='word_1_16' title='bbox 1332 410 1407 448; x_wconf 90' lang='lat'><strong><em>11.</em></strong></span> <span class='ocrx_word' id='word_1_17' title='bbox 1438 394 1506 446; x_wconf 90' lang='lat'>26</span> <span class='ocrx_word' id='word_1_18' title='bbox 1523 397 1558 457; x_wconf 85' lang='lat'>;⁹</span> <span class='ocrx_word' id='word_1_19' title='bbox 1587 395 1701 447; x_wconf 88' lang='lat' dir='ltr'>that</span> <span class='ocrx_word' id='word_1_20' title='bbox 1730 395 1820 449; x_wconf 87' lang='lat' dir='ltr'>the</span> <span class='ocrx_word' id='word_1_21' title='bbox 1846 395 2043 462; x_wconf 87' lang='lat' dir='ltr'>beauty</span> <span class='ocrx_word' id='word_1_22' title='bbox 2070 395 2133 449; x_wconf 84' lang='lat' dir='ltr'>of</span> 
     </span>
     <span class='ocr_line' id='line_1_3' title="bbox 60 478 2135 548; baseline 0 -16"><span class='ocrx_word' id='word_1_23' title='bbox 60 480 141 534; x_wconf 90' lang='lat' dir='ltr'>his</span> <span class='ocrx_word' id='word_1_24' title='bbox 174 483 364 548; x_wconf 87' lang='lat' dir='ltr'>speech</span> <span class='ocrx_word' id='word_1_25' title='bbox 401 480 591 533; x_wconf 87' lang='lat' dir='ltr'>should</span> <span class='ocrx_word' id='word_1_26' title='bbox 625 481 687 532; x_wconf 92' lang='lat' dir='ltr'>be</span> <span class='ocrx_word' id='word_1_27' title='bbox 721 478 771 530; x_wconf 92' lang='lat' dir='ltr'>in</span> <span class='ocrx_word' id='word_1_28' title='bbox 807 479 1069 545; x_wconf 86' lang='lat' dir='ltr'>harmony</span> <span class='ocrx_word' id='word_1_29' title='bbox 1103 479 1233 530; x_wconf 90' lang='lat' dir='ltr'>with</span> <span class='ocrx_word' id='word_1_30' title='bbox 1268 478 1350 531; x_wconf 92' lang='lat' dir='ltr'>his</span> <span class='ocrx_word' id='word_1_31' title='bbox 1386 478 1596 544; x_wconf 88' lang='lat' dir='ltr'>subject</span> <span class='ocrx_word' id='word_1_32' title='bbox 1627 488 1841 541; x_wconf 89' lang='lat' dir='ltr'>matter,</span> <span class='ocrx_word' id='word_1_33' title='bbox 1876 480 1984 532; x_wconf 90' lang='lat' dir='ltr'>and</span> <span class='ocrx_word' id='word_1_34' title='bbox 2016 480 2135 532; x_wconf 85' lang='lat' dir='ltr'>that</span> 
     </span>
     <span class='ocr_line' id='line_1_4' title="bbox 59 564 2135 631; baseline 0 -14"><span class='ocrx_word' id='word_1_35' title='bbox 59 567 123 619; x_wconf 72' lang='lat' dir='ltr'>lie</span> <span class='ocrx_word' id='word_1_36' title='bbox 157 567 346 618; x_wconf 78' lang='lat' dir='ltr'>should</span> <span class='ocrx_word' id='word_1_37' title='bbox 382 584 511 631; x_wconf 86' lang='lat' dir='ltr'>vary</span> <span class='ocrx_word' id='word_1_38' title='bbox 544 565 625 617; x_wconf 91' lang='lat' dir='ltr'>his</span> <span class='ocrx_word' id='word_1_39' title='bbox 659 566 792 630; x_wconf 86' lang='lat' dir='ltr'>style</span> <span class='ocrx_word' id='word_1_40' title='bbox 824 566 1142 630; x_wconf 88' lang='lat' dir='ltr'>constantly,</span> <span class='ocrx_word' id='word_1_41' title='bbox 1175 564 1239 616; x_wconf 88' lang='lat' dir='ltr'>D.</span> <span class='ocrx_word' id='word_1_42' title='bbox 1277 564 1345 617; x_wconf 93' lang='lat' dir='ltr'>D.</span> <span class='ocrx_word' id='word_1_43' title='bbox 1382 564 1439 617; x_wconf 89' lang='lat' dir='ltr'>C.</span> <span class='ocrx_word' id='word_1_44' title='bbox 1476 564 1573 626; x_wconf 90' lang='lat' dir='ltr'>IV,</span> <span class='ocrx_word' id='word_1_45' title='bbox 1607 579 1690 617; x_wconf 90' lang='lat'>22.</span> <span class='ocrx_word' id='word_1_46' title='bbox 1726 578 1785 631; x_wconf 85' lang='lat'>51</span> <span class='ocrx_word' id='word_1_47' title='bbox 1809 566 1868 627; x_wconf 85' lang='lat'>;¹⁰</span> <span class='ocrx_word' id='word_1_48' title='bbox 1903 565 2019 618; x_wconf 90' lang='lat' dir='ltr'>that</span> <span class='ocrx_word' id='word_1_49' title='bbox 2052 565 2135 618; x_wconf 91' lang='lat' dir='ltr'>his</span> 
     </span>
     <span class='ocr_line' id='line_1_5' title="bbox 60 648 2201 716; baseline 0 -15"><span class='ocrx_word' id='word_1_50' title='bbox 60 651 155 702; x_wconf 82' lang='lat' dir='ltr'>life</span> <span class='ocrx_word' id='word_1_51' title='bbox 179 651 370 702; x_wconf 87' lang='lat' dir='ltr'>should</span> <span class='ocrx_word' id='word_1_52' title='bbox 395 651 456 702; x_wconf 94' lang='lat' dir='ltr'>be</span> <span class='ocrx_word' id='word_1_53' title='bbox 481 650 531 700; x_wconf 92' lang='lat' dir='ltr'>in</span> <span class='ocrx_word' id='word_1_54' title='bbox 557 649 819 714; x_wconf 89' lang='lat' dir='ltr'>harmony</span> <span class='ocrx_word' id='word_1_55' title='bbox 843 648 971 699; x_wconf 88' lang='lat' dir='ltr'>with</span> <span class='ocrx_word' id='word_1_56' title='bbox 996 648 1077 700; x_wconf 86' lang='lat' dir='ltr'>his</span> <span class='ocrx_word' id='word_1_57' title='bbox 1102 648 1392 715; x_wconf 91' lang='lat' dir='ltr'>teachings,</span> <span class='ocrx_word' id='word_1_58' title='bbox 1417 648 1481 701; x_wconf 92' lang='lat' dir='ltr'>D.</span> <span class='ocrx_word' id='word_1_59' title='bbox 1507 649 1576 701; x_wconf 92' lang='lat' dir='ltr'>D.</span> <span class='ocrx_word' id='word_1_60' title='bbox 1605 648 1659 702; x_wconf 90' lang='lat' dir='ltr'>C.</span> <span class='ocrx_word' id='word_1_61' title='bbox 1690 649 1788 710; x_wconf 87' lang='lat' dir='ltr'>IV,</span> <span class='ocrx_word' id='word_1_62' title='bbox 1813 662 1893 715; x_wconf 82' lang='lat'>27.</span> <span class='ocrx_word' id='word_1_63' title='bbox 1924 663 1989 716; x_wconf 88' lang='grc'>59</span> <span class='ocrx_word' id='word_1_64' title='bbox 2006 652 2137 711; x_wconf 75' lang='lat'>:²1—</span> <span class='ocrx_word' id='word_1_65' title='bbox 2198 680 2201 683; x_wconf 93' lang='lat'><em>·</em></span> 
     </span>
     <span class='ocr_line' id='line_1_6' title="bbox 59 731 2136 801; baseline 0 -15"><span class='ocrx_word' id='word_1_66' title='bbox 59 734 127 786; x_wconf 91' lang='lat' dir='ltr'>all</span> <span class='ocrx_word' id='word_1_67' title='bbox 155 733 259 787; x_wconf 89' lang='lat' dir='ltr'>this</span> <span class='ocrx_word' id='word_1_68' title='bbox 287 733 464 785; x_wconf 82' lang='lat' dir='ltr'>shows</span> <span class='ocrx_word' id='word_1_69' title='bbox 492 733 604 785; x_wconf 92' lang='lat' dir='ltr'>that</span> <span class='ocrx_word' id='word_1_70' title='bbox 633 733 699 783; x_wconf 91' lang='lat' dir='ltr'>he</span> <span class='ocrx_word' id='word_1_71' title='bbox 726 733 832 785; x_wconf 90' lang='lat' dir='ltr'>had</span> <span class='ocrx_word' id='word_1_72' title='bbox 861 731 912 784; x_wconf 93' lang='lat' dir='ltr'>in</span> <span class='ocrx_word' id='word_1_73' title='bbox 940 732 1088 784; x_wconf 91' lang='lat' dir='ltr'>mind</span> <span class='ocrx_word' id='word_1_74' title='bbox 1117 750 1148 784; x_wconf 90' lang='lat' dir='ltr'>a</span> <span class='ocrx_word' id='word_1_75' title='bbox 1175 750 1304 798; x_wconf 85' lang='lat' dir='ltr'>very</span> <span class='ocrx_word' id='word_1_76' title='bbox 1333 732 1460 800; x_wconf 89' lang='lat' dir='ltr'>high</span> <span class='ocrx_word' id='word_1_77' title='bbox 1489 733 1644 795; x_wconf 91' lang='lat' dir='ltr'>ideal,</span> <span class='ocrx_word' id='word_1_78' title='bbox 1673 752 1807 787; x_wconf 92' lang='lat' dir='ltr'>even</span> <span class='ocrx_word' id='word_1_79' title='bbox 1835 734 2042 801; x_wconf 87' lang='lat' dir='ltr'>though</span> <span class='ocrx_word' id='word_1_80' title='bbox 2069 734 2136 786; x_wconf 90' lang='lat' dir='ltr'>he</span> 
     </span>
     <span class='ocr_line' id='line_1_7' title="bbox 59 818 2136 886; baseline 0 -15"><span class='ocrx_word' id='word_1_81' title='bbox 59 820 151 871; x_wconf 89' lang='lat' dir='ltr'>did</span> <span class='ocrx_word' id='word_1_82' title='bbox 184 828 276 869; x_wconf 93' lang='lat' dir='ltr'>not</span> <span class='ocrx_word' id='word_1_83' title='bbox 312 820 465 871; x_wconf 91' lang='lat' dir='ltr'>deem</span> <span class='ocrx_word' id='word_1_84' title='bbox 497 818 536 870; x_wconf 93' lang='lat' dir='ltr'>it</span> <span class='ocrx_word' id='word_1_85' title='bbox 569 836 852 885; x_wconf 86' lang='lat' dir='ltr'>necessary</span> <span class='ocrx_word' id='word_1_86' title='bbox 885 828 943 870; x_wconf 88' lang='lat' dir='ltr'>to</span> <span class='ocrx_word' id='word_1_87' title='bbox 974 818 1198 883; x_wconf 81' lang='lat' dir='ltr'>(levelop</span> <span class='ocrx_word' id='word_1_88' title='bbox 1232 819 1271 870; x_wconf 94' lang='lat' dir='ltr'>it</span> <span class='ocrx_word' id='word_1_89' title='bbox 1304 836 1364 870; x_wconf 91' lang='lat' dir='ltr'>as</span> <span class='ocrx_word' id='word_1_90' title='bbox 1395 818 1739 886; x_wconf 89' lang='lat' dir='ltr'>thoroughly,</span> <span class='ocrx_word' id='word_1_91' title='bbox 1773 836 1837 870; x_wconf 91' lang='lat' dir='ltr'>or</span> <span class='ocrx_word' id='word_1_92' title='bbox 1871 829 1926 872; x_wconf 94' lang='lat' dir='ltr'>to</span> <span class='ocrx_word' id='word_1_93' title='bbox 1960 819 2136 873; x_wconf 91' lang='lat' dir='ltr'>elabo-</span> 
     </span>
     <span class='ocr_line' id='line_1_8' title="bbox 61 902 2135 971; baseline 0 -14"><span class='ocrx_word' id='word_1_94' title='bbox 61 914 176 957; x_wconf 89' lang='lat' dir='ltr'>rate</span> <span class='ocrx_word' id='word_1_95' title='bbox 206 920 348 970; x_wconf 91' lang='lat' dir='ltr'>upon</span> <span class='ocrx_word' id='word_1_96' title='bbox 382 905 419 956; x_wconf 93' lang='lat' dir='ltr'>it</span> <span class='ocrx_word' id='word_1_97' title='bbox 451 922 510 956; x_wconf 90' lang='lat' dir='ltr'>as</span> <span class='ocrx_word' id='word_1_98' title='bbox 541 904 803 971; x_wconf 87' lang='lat' dir='ltr'>elegantly</span> <span class='ocrx_word' id='word_1_99' title='bbox 837 922 894 956; x_wconf 91' lang='lat' dir='ltr'>as</span> <span class='ocrx_word' id='word_1_100' title='bbox 928 902 1119 955; x_wconf 91' lang='lat' dir='ltr'>Cicero</span> <span class='ocrx_word' id='word_1_101' title='bbox 1152 904 1243 955; x_wconf 90' lang='lat' dir='ltr'>did</span> <span class='ocrx_word' id='word_1_102' title='bbox 1275 920 1419 970; x_wconf 91' lang='lat' dir='ltr'>upon</span> <span class='ocrx_word' id='word_1_103' title='bbox 1453 904 1536 956; x_wconf 93' lang='lat' dir='ltr'>his</span> <span class='ocrx_word' id='word_1_104' title='bbox 1567 904 1704 956; x_wconf 92' lang='lat' dir='ltr'>ideal</span> <span class='ocrx_word' id='word_1_105' title='bbox 1736 914 1936 957; x_wconf 91' lang='lat' dir='ltr'>orator.</span> <span class='ocrx_word' id='word_1_106' title='bbox 2007 906 2059 956; x_wconf 93' lang='lat' dir='ltr'>It</span> <span class='ocrx_word' id='word_1_107' title='bbox 2087 905 2135 957; x_wconf 88' lang='lat' dir='ltr'>is</span> 
     </span>
     <span class='ocr_line' id='line_1_9' title="bbox 59 987 2133 1056; baseline 0 -14"><span class='ocrx_word' id='word_1_108' title='bbox 59 991 148 1043; x_wconf 93' lang='lat' dir='ltr'>the</span> <span class='ocrx_word' id='word_1_109' title='bbox 175 1006 408 1056; x_wconf 88' lang='lat' dir='ltr'>purpose</span> <span class='ocrx_word' id='word_1_110' title='bbox 431 991 491 1041; x_wconf 79' lang='lat' dir='ltr'>of</span> <span class='ocrx_word' id='word_1_111' title='bbox 519 990 622 1041; x_wconf 93' lang='lat' dir='ltr'>this</span> <span class='ocrx_word' id='word_1_112' title='bbox 651 990 885 1055; x_wconf 85' lang='lat' dir='ltr'>chapter,</span> <span class='ocrx_word' id='word_1_113' title='bbox 913 989 1056 1050; x_wconf 90' lang='lat' dir='ltr'>then,</span> <span class='ocrx_word' id='word_1_114' title='bbox 1085 997 1141 1040; x_wconf 90' lang='lat' dir='ltr'>to</span> <span class='ocrx_word' id='word_1_115' title='bbox 1166 987 1316 1055; x_wconf 92' lang='lat' dir='ltr'>point</span> <span class='ocrx_word' id='word_1_116' title='bbox 1343 998 1438 1042; x_wconf 93' lang='lat' dir='ltr'>out</span> <span class='ocrx_word' id='word_1_117' title='bbox 1464 990 1556 1041; x_wconf 92' lang='lat' dir='ltr'>the</span> <span class='ocrx_word' id='word_1_118' title='bbox 1582 990 1831 1043; x_wconf 90' lang='lat' dir='ltr'>essential</span> <span class='ocrx_word' id='word_1_119' title='bbox 1861 991 2133 1051; x_wconf 84' lang='lat' dir='ltr'>elementS,</span> 
     </span>
     <span class='ocr_line' id='line_1_10' title="bbox 62 1074 2136 1141; baseline 0 -15"><span class='ocrx_word' id='word_1_120' title='bbox 62 1076 115 1127; x_wconf 93' lang='lat' dir='ltr'>in</span> <span class='ocrx_word' id='word_1_121' title='bbox 151 1076 367 1131; x_wconf 88' lang='lat' dir='ltr'>outline.</span> <span class='ocrx_word' id='word_1_122' title='bbox 405 1077 463 1127; x_wconf 80' lang='lat' dir='ltr'>of</span> <span class='ocrx_word' id='word_1_123' title='bbox 500 1076 849 1141; x_wconf 76' lang='lat' dir='ltr'>Augustine&#39;s</span> <span class='ocrx_word' id='word_1_124' title='bbox 887 1075 1024 1126; x_wconf 89' lang='lat' dir='ltr'>ideal</span> <span class='ocrx_word' id='word_1_125' title='bbox 1060 1083 1259 1136; x_wconf 90' lang='lat' dir='ltr'>orator,</span> <span class='ocrx_word' id='word_1_126' title='bbox 1298 1074 1405 1126; x_wconf 91' lang='lat' dir='ltr'>and</span> <span class='ocrx_word' id='word_1_127' title='bbox 1442 1085 1496 1127; x_wconf 94' lang='lat' dir='ltr'>to</span> <span class='ocrx_word' id='word_1_128' title='bbox 1533 1092 1785 1141; x_wconf 89' lang='lat' dir='ltr'>compare</span> <span class='ocrx_word' id='word_1_129' title='bbox 1822 1076 1968 1127; x_wconf 92' lang='lat' dir='ltr'>them</span> <span class='ocrx_word' id='word_1_130' title='bbox 2005 1076 2136 1127; x_wconf 93' lang='lat' dir='ltr'>with</span> 
     </span>
     <span class='ocr_line' id='line_1_11' title="bbox 60 1158 2136 1225; baseline 0 -14"><span class='ocrx_word' id='word_1_131' title='bbox 60 1161 214 1214; x_wconf 92' lang='lat' dir='ltr'>those</span> <span class='ocrx_word' id='word_1_132' title='bbox 247 1160 311 1211; x_wconf 86' lang='lat' dir='ltr'>of</span> <span class='ocrx_word' id='word_1_133' title='bbox 353 1158 557 1222; x_wconf 85' lang='lat' dir='ltr'>Cicer0,</span> <span class='ocrx_word' id='word_1_134' title='bbox 598 1171 655 1211; x_wconf 92' lang='lat' dir='ltr'>to</span> <span class='ocrx_word' id='word_1_135' title='bbox 690 1161 970 1220; x_wconf 88' lang='lat' dir='ltr'>ascertain,</span> <span class='ocrx_word' id='word_1_136' title='bbox 1010 1159 1053 1210; x_wconf 86' lang='lat' dir='ltr'>if</span> <span class='ocrx_word' id='word_1_137' title='bbox 1093 1178 1173 1211; x_wconf 83' lang='lat' dir='ltr'>we</span> <span class='ocrx_word' id='word_1_138' title='bbox 1209 1177 1351 1225; x_wconf 90' lang='lat' dir='ltr'>may,</span> <span class='ocrx_word' id='word_1_139' title='bbox 1390 1160 1443 1210; x_wconf 92' lang='lat' dir='ltr'>in</span> <span class='ocrx_word' id='word_1_140' title='bbox 1481 1158 1593 1225; x_wconf 90' lang='lat' dir='ltr'>just</span> <span class='ocrx_word' id='word_1_141' title='bbox 1633 1160 1776 1212; x_wconf 89' lang='lat' dir='ltr'>what</span> <span class='ocrx_word' id='word_1_142' title='bbox 1815 1158 2136 1225; x_wconf 91' lang='lat' dir='ltr'>particulars</span> 
     </span>
     <span class='ocr_line' id='line_1_12' title="bbox 60 1244 2135 1312; baseline 0 -15"><span class='ocrx_word' id='word_1_143' title='bbox 60 1245 184 1311; x_wconf 89' lang='lat' dir='ltr'>they</span> <span class='ocrx_word' id='word_1_144' title='bbox 209 1262 397 1312; x_wconf 87' lang='lat' dir='ltr'>agree;</span> <span class='ocrx_word' id='word_1_145' title='bbox 422 1247 527 1297; x_wconf 87' lang='lat' dir='ltr'>and</span> <span class='ocrx_word' id='word_1_146' title='bbox 554 1245 666 1297; x_wconf 90' lang='lat' dir='ltr'>also</span> <span class='ocrx_word' id='word_1_147' title='bbox 692 1255 746 1297; x_wconf 95' lang='lat' dir='ltr'>to</span> <span class='ocrx_word' id='word_1_148' title='bbox 775 1246 923 1298; x_wconf 86' lang='lat' dir='ltr'>show</span> <span class='ocrx_word' id='word_1_149' title='bbox 950 1245 1063 1296; x_wconf 90' lang='lat' dir='ltr'>that</span> <span class='ocrx_word' id='word_1_150' title='bbox 1090 1244 1180 1295; x_wconf 90' lang='lat' dir='ltr'>the</span> <span class='ocrx_word' id='word_1_151' title='bbox 1205 1246 1343 1297; x_wconf 90' lang='lat' dir='ltr'>ideal</span> <span class='ocrx_word' id='word_1_152' title='bbox 1370 1255 1555 1297; x_wconf 89' lang='lat' dir='ltr'>orator</span> <span class='ocrx_word' id='word_1_153' title='bbox 1583 1245 1636 1296; x_wconf 91' lang='lat' dir='ltr'>in</span> <span class='ocrx_word' id='word_1_154' title='bbox 1664 1245 1752 1297; x_wconf 93' lang='lat' dir='ltr'>the</span> <span class='ocrx_word' id='word_1_155' title='bbox 1778 1246 1928 1298; x_wconf 91' lang='lat' dir='ltr'>mind</span> <span class='ocrx_word' id='word_1_156' title='bbox 1956 1245 2018 1298; x_wconf 81' lang='lat' dir='ltr'>of</span> <span class='ocrx_word' id='word_1_157' title='bbox 2046 1245 2135 1298; x_wconf 93' lang='lat' dir='ltr'>the</span> 
     </span>
    </p>
   </div>
   <div class='ocr_carea' id='block_1_3' title="bbox 52 1382 2138 2078">
    <p class='ocr_par' dir='ltr' id='par_1_3' title="bbox 52 1382 2138 2078">
     <span class='ocr_line' id='line_1_13' title="bbox 173 1382 2138 1440; baseline 0.001 -11"><span class='ocrx_word' id='word_1_158' title='bbox 173 1382 260 1429; x_wconf 82' lang='lat' dir='ltr'>’D.</span> <span class='ocrx_word' id='word_1_159' title='bbox 298 1385 355 1429; x_wconf 92' lang='lat' dir='ltr'>D.</span> <span class='ocrx_word' id='word_1_160' title='bbox 391 1384 441 1429; x_wconf 92' lang='lat' dir='ltr'>C.</span> <span class='ocrx_word' id='word_1_161' title='bbox 480 1386 562 1437; x_wconf 86' lang='lat' dir='ltr'>IV,</span> <span class='ocrx_word' id='word_1_162' title='bbox 601 1387 758 1430; x_wconf 85' lang='lat'><strong><em>11.26:</em></strong></span> <span class='ocrx_word' id='word_1_163' title='bbox 826 1385 1029 1429; x_wconf 89' lang='lat' dir='ltr'>Prorsus</span> <span class='ocrx_word' id='word_1_164' title='bbox 1064 1386 1176 1429; x_wconf 88' lang='lat' dir='ltr'>haec</span> <span class='ocrx_word' id='word_1_165' title='bbox 1213 1393 1281 1429; x_wconf 90' lang='lat' dir='ltr'>est</span> <span class='ocrx_word' id='word_1_166' title='bbox 1317 1385 1363 1428; x_wconf 92' lang='lat' dir='ltr'>in</span> <span class='ocrx_word' id='word_1_167' title='bbox 1401 1385 1613 1430; x_wconf 91' lang='lat' dir='ltr'>docendo</span> <span class='ocrx_word' id='word_1_168' title='bbox 1649 1385 1926 1439; x_wconf 85' lang='lat' dir='ltr'>eloquentia,</span> <span class='ocrx_word' id='word_1_169' title='bbox 1959 1399 2050 1440; x_wconf 86' lang='lat' dir='ltr'>qua</span> <span class='ocrx_word' id='word_1_170' title='bbox 2084 1384 2138 1430; x_wconf 89' lang='lat' dir='ltr'>fit</span> 
     </span>
     <span class='ocr_line' id='line_1_14' title="bbox 55 1455 2136 1510; baseline -0 -9"><span class='ocrx_word' id='word_1_171' title='bbox 55 1456 265 1505; x_wconf 86' lang='lat' dir='ltr'>dicendo,</span> <span class='ocrx_word' id='word_1_172' title='bbox 312 1471 403 1501; x_wconf 88' lang='lat' dir='ltr'>non</span> <span class='ocrx_word' id='word_1_173' title='bbox 453 1466 501 1500; x_wconf 95' lang='lat' dir='ltr'>ut</span> <span class='ocrx_word' id='word_1_174' title='bbox 549 1457 686 1500; x_wconf 88' lang='lat' dir='ltr'>libeat</span> <span class='ocrx_word' id='word_1_175' title='bbox 732 1457 855 1510; x_wconf 85' lang='lat' dir='ltr'>quod</span> <span class='ocrx_word' id='word_1_176' title='bbox 903 1457 1136 1508; x_wconf 85' lang='lat' dir='ltr'>horrebat,</span> <span class='ocrx_word' id='word_1_177' title='bbox 1184 1465 1262 1500; x_wconf 92' lang='lat' dir='ltr'>aut</span> <span class='ocrx_word' id='word_1_178' title='bbox 1311 1465 1360 1501; x_wconf 91' lang='lat' dir='ltr'>ut</span> <span class='ocrx_word' id='word_1_179' title='bbox 1409 1456 1490 1501; x_wconf 88' lang='lat' dir='ltr'>fiat</span> <span class='ocrx_word' id='word_1_180' title='bbox 1537 1455 1663 1510; x_wconf 90' lang='lat' dir='ltr'>quod</span> <span class='ocrx_word' id='word_1_181' title='bbox 1709 1456 1908 1510; x_wconf 83' lang='lat' dir='ltr'>pigebat,</span> <span class='ocrx_word' id='word_1_182' title='bbox 1957 1457 2039 1501; x_wconf 91' lang='lat' dir='ltr'>sed</span> <span class='ocrx_word' id='word_1_183' title='bbox 2084 1464 2136 1500; x_wconf 92' lang='lat' dir='ltr'>ut</span> 
     </span>
     <span class='ocr_line' id='line_1_15' title="bbox 54 1525 2135 1581; baseline 0 -10"><span class='ocrx_word' id='word_1_184' title='bbox 54 1537 273 1581; x_wconf 86' lang='lat' dir='ltr'>appareat</span> <span class='ocrx_word' id='word_1_185' title='bbox 315 1528 438 1581; x_wconf 89' lang='lat' dir='ltr'>quod</span> <span class='ocrx_word' id='word_1_186' title='bbox 478 1528 660 1571; x_wconf 88' lang='lat' dir='ltr'>latebat.</span> <span class='ocrx_word' id='word_1_187' title='bbox 733 1528 873 1580; x_wconf 83' lang='lat' dir='ltr'>Quod</span> <span class='ocrx_word' id='word_1_188' title='bbox 917 1536 1069 1572; x_wconf 90' lang='lat' dir='ltr'>tamen</span> <span class='ocrx_word' id='word_1_189' title='bbox 1115 1529 1151 1571; x_wconf 90' lang='lat' dir='ltr'>si</span> <span class='ocrx_word' id='word_1_190' title='bbox 1194 1527 1273 1571; x_wconf 85' lang='lat' dir='ltr'>fiat</span> <span class='ocrx_word' id='word_1_191' title='bbox 1316 1528 1586 1580; x_wconf 86' lang='lat' dir='ltr'>insuaviter,</span> <span class='ocrx_word' id='word_1_192' title='bbox 1630 1528 1688 1572; x_wconf 89' lang='lat' dir='ltr'>ad</span> <span class='ocrx_word' id='word_1_193' title='bbox 1731 1541 1906 1580; x_wconf 88' lang='lat' dir='ltr'>paucos</span> <span class='ocrx_word' id='word_1_194' title='bbox 1947 1525 2135 1581; x_wconf 88' lang='lat' dir='ltr'>quidem</span> 
     </span>
     <span class='ocr_line' id='line_1_16' title="bbox 60 1597 2134 1652; baseline 0 -10"><span class='ocrx_word' id='word_1_195' title='bbox 60 1597 428 1642; x_wconf 83' lang='lat' dir='ltr'>studiosissimos</span> <span class='ocrx_word' id='word_1_196' title='bbox 460 1613 568 1642; x_wconf 91' lang='lat' dir='ltr'>suus</span> <span class='ocrx_word' id='word_1_197' title='bbox 599 1598 807 1651; x_wconf 79' lang='lat' dir='ltr'>pervenit</span> <span class='ocrx_word' id='word_1_198' title='bbox 842 1599 1035 1649; x_wconf 85' lang='lat' dir='ltr'>fructus,</span> <span class='ocrx_word' id='word_1_199' title='bbox 1066 1599 1141 1652; x_wconf 92' lang='lat' dir='ltr'>qui</span> <span class='ocrx_word' id='word_1_200' title='bbox 1174 1613 1226 1642; x_wconf 91' lang='lat' dir='ltr'>ea</span> <span class='ocrx_word' id='word_1_201' title='bbox 1257 1613 1374 1652; x_wconf 90' lang='lat' dir='ltr'>quae</span> <span class='ocrx_word' id='word_1_202' title='bbox 1405 1597 1628 1642; x_wconf 90' lang='lat' dir='ltr'>discenda</span> <span class='ocrx_word' id='word_1_203' title='bbox 1659 1607 1779 1651; x_wconf 91' lang='lat' dir='ltr'>sunt,</span> <span class='ocrx_word' id='word_1_204' title='bbox 1809 1597 2024 1652; x_wconf 90' lang='lat' dir='ltr'>quamvis</span> <span class='ocrx_word' id='word_1_205' title='bbox 2053 1597 2134 1642; x_wconf 88' lang='lat' dir='ltr'>ab·</span> 
     </span>
     <span class='ocr_line' id='line_1_17' title="bbox 59 1669 2133 1723; baseline -0 -10"><span class='ocrx_word' id='word_1_206' title='bbox 59 1669 175 1720; x_wconf 87' lang='lat' dir='ltr'>iecte</span> <span class='ocrx_word' id='word_1_207' title='bbox 215 1670 473 1722; x_wconf 83' lang='lat' dir='ltr'>inculteque</span> <span class='ocrx_word' id='word_1_208' title='bbox 512 1670 737 1721; x_wconf 87' lang='lat' dir='ltr'>dicantur,</span> <span class='ocrx_word' id='word_1_209' title='bbox 780 1671 895 1714; x_wconf 89' lang='lat' dir='ltr'>scire</span> <span class='ocrx_word' id='word_1_210' title='bbox 934 1670 1213 1715; x_wconf 91' lang='lat' dir='ltr'>desiderant.</span> <span class='ocrx_word' id='word_1_211' title='bbox 1283 1669 1421 1722; x_wconf 85' lang='lat' dir='ltr'>Quod</span> <span class='ocrx_word' id='word_1_212' title='bbox 1461 1684 1565 1713; x_wconf 91' lang='lat' dir='ltr'>cum</span> <span class='ocrx_word' id='word_1_213' title='bbox 1605 1669 1759 1723; x_wconf 88' lang='lat' dir='ltr'>adepti</span> <span class='ocrx_word' id='word_1_214' title='bbox 1802 1669 1993 1723; x_wconf 85' lang='lat' dir='ltr'>fuerint,</span> <span class='ocrx_word' id='word_1_215' title='bbox 2032 1670 2133 1723; x_wconf 91' lang='lat' dir='ltr'>ipsa</span> 
     </span>
     <span class='ocr_line' id='line_1_18' title="bbox 58 1739 2132 1793; baseline -0.001 -9"><span class='ocrx_word' id='word_1_216' title='bbox 58 1739 390 1784; x_wconf 77' lang='lat' dir='ltr'>delectabiliter</span> <span class='ocrx_word' id='word_1_217' title='bbox 436 1741 631 1785; x_wconf 83' lang='lat' dir='ltr'>veritate</span> <span class='ocrx_word' id='word_1_218' title='bbox 676 1750 954 1793; x_wconf 88' lang='lat' dir='ltr'>pascuntur:</span> <span class='ocrx_word' id='word_1_219' title='bbox 1001 1741 1324 1793; x_wconf 83' lang='lat' dir='ltr'>honorumque</span> <span class='ocrx_word' id='word_1_220' title='bbox 1368 1740 1661 1793; x_wconf 84' lang='lat' dir='ltr'>ingeniorum</span> <span class='ocrx_word' id='word_1_221' title='bbox 1710 1740 1906 1793; x_wconf 87' lang='lat' dir='ltr'>insignis</span> <span class='ocrx_word' id='word_1_222' title='bbox 1948 1748 2018 1784; x_wconf 89' lang='lat' dir='ltr'>est</span> <span class='ocrx_word' id='word_1_223' title='bbox 2063 1739 2132 1783; x_wconf 92' lang='lat' dir='ltr'>in-</span> 
     </span>
     <span class='ocr_line' id='line_1_19' title="bbox 52 1811 2132 1864; baseline -0 -9"><span class='ocrx_word' id='word_1_224' title='bbox 52 1811 195 1862; x_wconf 81' lang='lat' dir='ltr'>doles,</span> <span class='ocrx_word' id='word_1_225' title='bbox 231 1811 275 1854; x_wconf 91' lang='lat' dir='ltr'>in</span> <span class='ocrx_word' id='word_1_226' title='bbox 310 1812 463 1855; x_wconf 80' lang='lat' dir='ltr'>verbis</span> <span class='ocrx_word' id='word_1_227' title='bbox 496 1826 657 1855; x_wconf 82' lang='lat' dir='ltr'>verum</span> <span class='ocrx_word' id='word_1_228' title='bbox 693 1827 863 1863; x_wconf 89' lang='lat' dir='ltr'>amare,</span> <span class='ocrx_word' id='word_1_229' title='bbox 900 1827 993 1856; x_wconf 91' lang='lat' dir='ltr'>non</span> <span class='ocrx_word' id='word_1_230' title='bbox 1030 1812 1183 1855; x_wconf 86' lang='lat' dir='ltr'>verba.</span> <span class='ocrx_word' id='word_1_231' title='bbox 1249 1811 1375 1864; x_wconf 84' lang='lat' dir='ltr'>Quid</span> <span class='ocrx_word' id='word_1_232' title='bbox 1411 1812 1533 1855; x_wconf 90' lang='lat' dir='ltr'>enim</span> <span class='ocrx_word' id='word_1_233' title='bbox 1569 1812 1759 1864; x_wconf 91' lang='lat' dir='ltr'>prodest</span> <span class='ocrx_word' id='word_1_234' title='bbox 1795 1811 1940 1856; x_wconf 90' lang='lat' dir='ltr'>clavis</span> <span class='ocrx_word' id='word_1_235' title='bbox 1975 1825 2132 1863; x_wconf 89' lang='lat' dir='ltr'>aurae,</span> 
     </span>
     <span class='ocr_line' id='line_1_20' title="bbox 59 1882 2133 1936; baseline -0.001 -9"><span class='ocrx_word' id='word_1_236' title='bbox 59 1882 95 1927; x_wconf 93' lang='lat' dir='ltr'>si</span> <span class='ocrx_word' id='word_1_237' title='bbox 133 1883 311 1935; x_wconf 86' lang='lat' dir='ltr'>aperire</span> <span class='ocrx_word' id='word_1_238' title='bbox 346 1883 467 1934; x_wconf 88' lang='lat' dir='ltr'>quod</span> <span class='ocrx_word' id='word_1_239' title='bbox 506 1885 721 1927; x_wconf 78' lang='lat' dir='ltr'>volumus</span> <span class='ocrx_word' id='word_1_240' title='bbox 757 1898 848 1927; x_wconf 88' lang='lat' dir='ltr'>non</span> <span class='ocrx_word' id='word_1_241' title='bbox 887 1883 1067 1936; x_wconf 85' lang='lat' dir='ltr'>potest?</span> <span class='ocrx_word' id='word_1_242' title='bbox 1105 1883 1201 1926; x_wconf 79' lang='lat' dir='ltr'>Aut</span> <span class='ocrx_word' id='word_1_243' title='bbox 1236 1882 1345 1935; x_wconf 88' lang='lat' dir='ltr'>quid</span> <span class='ocrx_word' id='word_1_244' title='bbox 1382 1883 1513 1927; x_wconf 90' lang='lat' dir='ltr'>obest</span> <span class='ocrx_word' id='word_1_245' title='bbox 1550 1884 1717 1935; x_wconf 84' lang='lat' dir='ltr'>lignea,</span> <span class='ocrx_word' id='word_1_246' title='bbox 1754 1882 1790 1926; x_wconf 92' lang='lat' dir='ltr'>si</span> <span class='ocrx_word' id='word_1_247' title='bbox 1826 1883 1913 1926; x_wconf 89' lang='lat' dir='ltr'>hoc</span> <span class='ocrx_word' id='word_1_248' title='bbox 1950 1882 2133 1935; x_wconf 89' lang='lat' dir='ltr'>potest?</span> 
     </span>
     <span class='ocr_line' id='line_1_21' title="bbox 53 1951 2135 2006; baseline -0 -11"><span class='ocrx_word' id='word_1_249' title='bbox 53 1953 240 2006; x_wconf 88' lang='lat' dir='ltr'>quando</span> <span class='ocrx_word' id='word_1_250' title='bbox 278 1951 390 1995; x_wconf 87' lang='lat' dir='ltr'>nihil</span> <span class='ocrx_word' id='word_1_251' title='bbox 430 1952 696 2006; x_wconf 88' lang='lat' dir='ltr'>quaerimus</span> <span class='ocrx_word' id='word_1_252' title='bbox 736 1953 825 1996; x_wconf 90' lang='lat' dir='ltr'>nisi</span> <span class='ocrx_word' id='word_1_253' title='bbox 863 1961 1021 2006; x_wconf 91' lang='lat' dir='ltr'>patere</span> <span class='ocrx_word' id='word_1_254' title='bbox 1058 1952 1185 2006; x_wconf 93' lang='lat' dir='ltr'>quod</span> <span class='ocrx_word' id='word_1_255' title='bbox 1221 1953 1430 1996; x_wconf 89' lang='lat' dir='ltr'>clausum</span> <span class='ocrx_word' id='word_1_256' title='bbox 1469 1960 1551 1996; x_wconf 91' lang='lat' dir='ltr'>est.</span> <span class='ocrx_word' id='word_1_257' title='bbox 1621 1952 1714 1996; x_wconf 89' lang='lat' dir='ltr'>Sed</span> <span class='ocrx_word' id='word_1_258' title='bbox 1753 1952 1973 2006; x_wconf 89' lang='lat' dir='ltr'>quoniam</span> <span class='ocrx_word' id='word_1_259' title='bbox 2014 1951 2135 1995; x_wconf 90' lang='lat' dir='ltr'>inter</span> 
     </span>
     <span class='ocr_line' id='line_1_22' title="bbox 55 2022 2135 2078; baseline -0 -11"><span class='ocrx_word' id='word_1_260' title='bbox 55 2038 103 2067; x_wconf 91' lang='lat' dir='ltr'>se</span> <span class='ocrx_word' id='word_1_261' title='bbox 131 2023 299 2068; x_wconf 90' lang='lat' dir='ltr'>habent</span> <span class='ocrx_word' id='word_1_262' title='bbox 329 2024 601 2067; x_wconf 86' lang='lat' dir='ltr'>nonnullam</span> <span class='ocrx_word' id='word_1_263' title='bbox 630 2023 980 2067; x_wconf 90' lang='lat' dir='ltr'>similitudinem</span> <span class='ocrx_word' id='word_1_264' title='bbox 1011 2032 1250 2068; x_wconf 90' lang='lat' dir='ltr'>vescentes</span> <span class='ocrx_word' id='word_1_265' title='bbox 1281 2032 1417 2078; x_wconf 90' lang='lat' dir='ltr'>atque</span> <span class='ocrx_word' id='word_1_266' title='bbox 1447 2023 1690 2077; x_wconf 88' lang='lat' dir='ltr'>discentes,</span> <span class='ocrx_word' id='word_1_267' title='bbox 1720 2032 1910 2076; x_wconf 90' lang='lat' dir='ltr'>propter</span> <span class='ocrx_word' id='word_1_268' title='bbox 1944 2022 2135 2067; x_wconf 84' lang='lat' dir='ltr'>fastidia</span> 
     </span>
    </p>
   </div>
   <div class='ocr_carea' id='block_1_4' title="bbox 53 2095 2133 2210">
    <p class='ocr_par' dir='ltr' id='par_1_4' title="bbox 53 2095 2133 2210">
     <span class='ocr_line' id='line_1_23' title="bbox 53 2095 2133 2149; baseline 0.001 -12"><span class='ocrx_word' id='word_1_269' title='bbox 53 2095 374 2148; x_wconf 88' lang='lat' dir='ltr'>plurimorum,</span> <span class='ocrx_word' id='word_1_270' title='bbox 421 2095 562 2140; x_wconf 87' lang='lat' dir='ltr'>etiam</span> <span class='ocrx_word' id='word_1_271' title='bbox 609 2095 708 2148; x_wconf 86' lang='lat' dir='ltr'>ipsa</span> <span class='ocrx_word' id='word_1_272' title='bbox 757 2096 854 2139; x_wconf 90' lang='lat' dir='ltr'>sine</span> <span class='ocrx_word' id='word_1_273' title='bbox 902 2095 1069 2149; x_wconf 88' lang='lat' dir='ltr'>quibus</span> <span class='ocrx_word' id='word_1_274' title='bbox 1116 2095 1211 2139; x_wconf 88' lang='lat' dir='ltr'>vivi</span> <span class='ocrx_word' id='word_1_275' title='bbox 1245 2110 1336 2139; x_wconf 88' lang='lat' dir='ltr'>non</span> <span class='ocrx_word' id='word_1_276' title='bbox 1387 2103 1553 2149; x_wconf 86' lang='lat' dir='ltr'>potest,</span> <span class='ocrx_word' id='word_1_277' title='bbox 1601 2095 1823 2140; x_wconf 88' lang='lat' dir='ltr'>alimenta</span> <span class='ocrx_word' id='word_1_278' title='bbox 1870 2095 2133 2139; x_wconf 89' lang='lat' dir='ltr'>condienda</span> 
     </span>
     <span class='ocr_line' id='line_1_24' title="bbox 56 2173 176 2210; baseline 0 0"><span class='ocrx_word' id='word_1_279' title='bbox 56 2173 176 2210; x_wconf 61' lang='lat' dir='ltr'>sunt</span> 
     </span>
    </p>
   </div>
   <div class='ocr_carea' id='block_1_5' title="bbox 56 2247 2141 3365">
    <p class='ocr_par' dir='ltr' id='par_1_5' title="bbox 56 2247 2141 3365">
     <span class='ocr_line' id='line_1_25' title="bbox 170 2247 2132 2303; baseline 0 -12"><span class='ocrx_word' id='word_1_280' title='bbox 170 2247 272 2292; x_wconf 75' lang='lat'><strong><em>¹⁶1).</em></strong></span> <span class='ocrx_word' id='word_1_281' title='bbox 306 2248 361 2292; x_wconf 90' lang='lat' dir='ltr'>D.</span> <span class='ocrx_word' id='word_1_282' title='bbox 393 2247 442 2292; x_wconf 92' lang='lat' dir='ltr'>C.</span> <span class='ocrx_word' id='word_1_283' title='bbox 478 2249 559 2297; x_wconf 89' lang='lat' dir='ltr'>IV,</span> <span class='ocrx_word' id='word_1_284' title='bbox 590 2262 656 2293; x_wconf 87' lang='lat'>22.</span> <span class='ocrx_word' id='word_1_285' title='bbox 676 2261 752 2301; x_wconf 89' lang='lat'>51:</span> <span class='ocrx_word' id='word_1_286' title='bbox 818 2250 915 2293; x_wconf 89' lang='lat' dir='ltr'>Nec</span> <span class='ocrx_word' id='word_1_287' title='bbox 947 2248 1189 2303; x_wconf 85' lang='lat' dir='ltr'>quisquam</span> <span class='ocrx_word' id='word_1_288' title='bbox 1224 2258 1408 2302; x_wconf 88' lang='lat' dir='ltr'>praeter</span> <span class='ocrx_word' id='word_1_289' title='bbox 1439 2249 1731 2302; x_wconf 89' lang='lat' dir='ltr'>disciplinam</span> <span class='ocrx_word' id='word_1_290' title='bbox 1765 2263 1866 2293; x_wconf 92' lang='lat' dir='ltr'>esse</span> <span class='ocrx_word' id='word_1_291' title='bbox 1896 2247 2132 2293; x_wconf 87' lang='lat' dir='ltr'>existimet</span> 
     </span>
     <span class='ocr_line' id='line_1_26' title="bbox 58 2318 2137 2374; baseline 0 -12"><span class='ocrx_word' id='word_1_292' title='bbox 58 2318 121 2363; x_wconf 90' lang='lat' dir='ltr'>ita</span> <span class='ocrx_word' id='word_1_293' title='bbox 160 2320 381 2364; x_wconf 87' lang='lat' dir='ltr'>miscere:</span> <span class='ocrx_word' id='word_1_294' title='bbox 440 2320 534 2364; x_wconf 93' lang='lat' dir='ltr'>imo</span> <span class='ocrx_word' id='word_1_295' title='bbox 574 2329 799 2374; x_wconf 89' lang='lat' dir='ltr'>quantum</span> <span class='ocrx_word' id='word_1_296' title='bbox 841 2335 1044 2374; x_wconf 87' lang='lat' dir='ltr'>congrue</span> <span class='ocrx_word' id='word_1_297' title='bbox 1089 2320 1187 2365; x_wconf 81' lang='lat' dir='ltr'>fieri</span> <span class='ocrx_word' id='word_1_298' title='bbox 1231 2329 1397 2374; x_wconf 90' lang='lat' dir='ltr'>potest,</span> <span class='ocrx_word' id='word_1_299' title='bbox 1441 2320 1658 2365; x_wconf 91' lang='lat' dir='ltr'>omnibus</span> <span class='ocrx_word' id='word_1_300' title='bbox 1699 2319 1948 2373; x_wconf 89' lang='lat' dir='ltr'>generibus</span> <span class='ocrx_word' id='word_1_301' title='bbox 1991 2319 2137 2364; x_wconf 90' lang='lat' dir='ltr'>dictio</span> 
     </span>
     <span class='ocr_line' id='line_1_27' title="bbox 56 2390 2131 2445; baseline 0.001 -11"><span class='ocrx_word' id='word_1_302' title='bbox 56 2390 280 2435; x_wconf 86' lang='lat' dir='ltr'>varianda</span> <span class='ocrx_word' id='word_1_303' title='bbox 315 2398 395 2436; x_wconf 91' lang='lat' dir='ltr'>est.</span> <span class='ocrx_word' id='word_1_304' title='bbox 463 2390 584 2434; x_wconf 89' lang='lat' dir='ltr'>Nam</span> <span class='ocrx_word' id='word_1_305' title='bbox 621 2392 807 2443; x_wconf 88' lang='lat' dir='ltr'>quando</span> <span class='ocrx_word' id='word_1_306' title='bbox 844 2393 1026 2445; x_wconf 79' lang='lat' dir='ltr'>prolixa</span> <span class='ocrx_word' id='word_1_307' title='bbox 1063 2402 1131 2436; x_wconf 89' lang='lat' dir='ltr'>est</span> <span class='ocrx_word' id='word_1_308' title='bbox 1168 2393 1211 2436; x_wconf 93' lang='lat' dir='ltr'>in</span> <span class='ocrx_word' id='word_1_309' title='bbox 1250 2407 1344 2437; x_wconf 91' lang='lat' dir='ltr'>uno</span> <span class='ocrx_word' id='word_1_310' title='bbox 1379 2407 1563 2445; x_wconf 90' lang='lat' dir='ltr'>genere,</span> <span class='ocrx_word' id='word_1_311' title='bbox 1598 2393 1753 2437; x_wconf 89' lang='lat' dir='ltr'>minus</span> <span class='ocrx_word' id='word_1_312' title='bbox 1789 2391 1964 2437; x_wconf 91' lang='lat' dir='ltr'>detinet</span> <span class='ocrx_word' id='word_1_313' title='bbox 1999 2391 2131 2437; x_wconf 85' lang='lat' dir='ltr'>audi-</span> 
     </span>
     <span class='ocr_line' id='line_1_28' title="bbox 60 2460 2134 2515; baseline 0 -11"><span class='ocrx_word' id='word_1_314' title='bbox 60 2468 222 2504; x_wconf 88' lang='lat' dir='ltr'>torem.</span> <span class='ocrx_word' id='word_1_315' title='bbox 256 2460 373 2505; x_wconf 89' lang='lat' dir='ltr'>Cum</span> <span class='ocrx_word' id='word_1_316' title='bbox 404 2476 516 2504; x_wconf 90' lang='lat' dir='ltr'>vero</span> <span class='ocrx_word' id='word_1_317' title='bbox 548 2461 597 2504; x_wconf 81' lang='lat' dir='ltr'>fit</span> <span class='ocrx_word' id='word_1_318' title='bbox 630 2462 672 2504; x_wconf 92' lang='lat' dir='ltr'>in</span> <span class='ocrx_word' id='word_1_319' title='bbox 705 2461 830 2505; x_wconf 91' lang='lat' dir='ltr'>aliud</span> <span class='ocrx_word' id='word_1_320' title='bbox 863 2462 919 2505; x_wconf 92' lang='lat' dir='ltr'>ab</span> <span class='ocrx_word' id='word_1_321' title='bbox 950 2462 1042 2505; x_wconf 93' lang='lat' dir='ltr'>alio</span> <span class='ocrx_word' id='word_1_322' title='bbox 1074 2462 1310 2513; x_wconf 83' lang='lat' dir='ltr'>transitus,</span> <span class='ocrx_word' id='word_1_323' title='bbox 1343 2462 1523 2506; x_wconf 89' lang='lat' dir='ltr'>etiamsi</span> <span class='ocrx_word' id='word_1_324' title='bbox 1556 2461 1743 2515; x_wconf 88' lang='lat' dir='ltr'>longius</span> <span class='ocrx_word' id='word_1_325' title='bbox 1774 2470 1862 2513; x_wconf 92' lang='lat' dir='ltr'>eat,</span> <span class='ocrx_word' id='word_1_326' title='bbox 1894 2461 2134 2506; x_wconf 90' lang='lat' dir='ltr'>decentius</span> 
     </span>
     <span class='ocr_line' id='line_1_29' title="bbox 59 2531 2132 2586; baseline 0 -12"><span class='ocrx_word' id='word_1_327' title='bbox 59 2531 266 2585; x_wconf 88' lang='lat' dir='ltr'>procedit</span> <span class='ocrx_word' id='word_1_328' title='bbox 319 2532 495 2577; x_wconf 87' lang='lat' dir='ltr'>oratio:</span> <span class='ocrx_word' id='word_1_329' title='bbox 546 2533 759 2585; x_wconf 80' lang='lat' dir='ltr'>quamvis</span> <span class='ocrx_word' id='word_1_330' title='bbox 810 2533 1008 2577; x_wconf 87' lang='lat' dir='ltr'>habeant</span> <span class='ocrx_word' id='word_1_331' title='bbox 1061 2542 1104 2577; x_wconf 93' lang='lat' dir='ltr'>et</span> <span class='ocrx_word' id='word_1_332' title='bbox 1161 2533 1342 2585; x_wconf 84' lang='lat' dir='ltr'>singula</span> <span class='ocrx_word' id='word_1_333' title='bbox 1395 2547 1567 2586; x_wconf 89' lang='lat' dir='ltr'>genera</span> <span class='ocrx_word' id='word_1_334' title='bbox 1621 2533 1871 2577; x_wconf 89' lang='lat' dir='ltr'>varietates</span> <span class='ocrx_word' id='word_1_335' title='bbox 1925 2545 2033 2577; x_wconf 87' lang='lat' dir='ltr'>suas</span> <span class='ocrx_word' id='word_1_336' title='bbox 2085 2532 2132 2575; x_wconf 93' lang='lat' dir='ltr'>in</span> 
     </span>
     <span class='ocr_line' id='line_1_30' title="bbox 60 2602 2133 2656; baseline 0 -10"><span class='ocrx_word' id='word_1_337' title='bbox 60 2615 271 2646; x_wconf 85' lang='lat' dir='ltr'>sermone</span> <span class='ocrx_word' id='word_1_338' title='bbox 309 2603 634 2656; x_wconf 84' lang='lat' dir='ltr'>eloquentium,</span> <span class='ocrx_word' id='word_1_339' title='bbox 670 2603 834 2655; x_wconf 90' lang='lat' dir='ltr'>quibus</span> <span class='ocrx_word' id='word_1_340' title='bbox 868 2617 961 2645; x_wconf 89' lang='lat' dir='ltr'>non</span> <span class='ocrx_word' id='word_1_341' title='bbox 999 2603 1214 2648; x_wconf 90' lang='lat' dir='ltr'>sinuntur</span> <span class='ocrx_word' id='word_1_342' title='bbox 1252 2603 1295 2646; x_wconf 89' lang='lat' dir='ltr'>in</span> <span class='ocrx_word' id='word_1_343' title='bbox 1334 2617 1495 2647; x_wconf 89' lang='lat' dir='ltr'>eorum</span> <span class='ocrx_word' id='word_1_344' title='bbox 1529 2603 1607 2655; x_wconf 90' lang='lat' dir='ltr'>qui</span> <span class='ocrx_word' id='word_1_345' title='bbox 1643 2603 1839 2647; x_wconf 91' lang='lat' dir='ltr'>audiunt</span> <span class='ocrx_word' id='word_1_346' title='bbox 1878 2602 2133 2656; x_wconf 81' lang='lat' dir='ltr'>frigescere</span> 
     </span>
     <span class='ocr_line' id='line_1_31' title="bbox 61 2672 2135 2726; baseline 0 -11"><span class='ocrx_word' id='word_1_347' title='bbox 61 2672 133 2716; x_wconf 90' lang='lat' dir='ltr'>vel</span> <span class='ocrx_word' id='word_1_348' title='bbox 165 2681 397 2725; x_wconf 86' lang='lat' dir='ltr'>tepescere</span> <span class='ocrx_word' id='word_1_349' title='bbox 430 2673 651 2717; x_wconf 88' lang='lat' dir='ltr'>sensibus.</span> <span class='ocrx_word' id='word_1_350' title='bbox 712 2673 1048 2717; x_wconf 85' lang='lat' dir='ltr'>Verumtamen</span> <span class='ocrx_word' id='word_1_351' title='bbox 1087 2672 1270 2717; x_wconf 83' lang='lat' dir='ltr'>facilius</span> <span class='ocrx_word' id='word_1_352' title='bbox 1302 2673 1583 2717; x_wconf 91' lang='lat' dir='ltr'>submissum</span> <span class='ocrx_word' id='word_1_353' title='bbox 1616 2673 1781 2725; x_wconf 89' lang='lat' dir='ltr'>solum,</span> <span class='ocrx_word' id='word_1_354' title='bbox 1811 2687 1952 2726; x_wconf 87' lang='lat' dir='ltr'>quam</span> <span class='ocrx_word' id='word_1_355' title='bbox 1984 2672 2135 2717; x_wconf 90' lang='lat' dir='ltr'>solum</span> 
     </span>
     <span class='ocr_line' id='line_1_32' title="bbox 64 2742 2137 2798; baseline 0 -11"><span class='ocrx_word' id='word_1_356' title='bbox 64 2742 240 2797; x_wconf 86' lang='lat' dir='ltr'>grande</span> <span class='ocrx_word' id='word_1_357' title='bbox 295 2743 469 2788; x_wconf 89' lang='lat' dir='ltr'>diutius</span> <span class='ocrx_word' id='word_1_358' title='bbox 523 2745 712 2788; x_wconf 91' lang='lat' dir='ltr'>tolerari</span> <span class='ocrx_word' id='word_1_359' title='bbox 767 2753 930 2798; x_wconf 88' lang='lat' dir='ltr'>potest.</span> <span class='ocrx_word' id='word_1_360' title='bbox 1017 2744 1286 2789; x_wconf 87' lang='lat' dir='ltr'>Commotio</span> <span class='ocrx_word' id='word_1_361' title='bbox 1336 2743 1503 2798; x_wconf 89' lang='lat' dir='ltr'>quippe</span> <span class='ocrx_word' id='word_1_362' title='bbox 1559 2744 1701 2787; x_wconf 91' lang='lat' dir='ltr'>animi</span> <span class='ocrx_word' id='word_1_363' title='bbox 1756 2752 1933 2798; x_wconf 90' lang='lat' dir='ltr'>quanto</span> <span class='ocrx_word' id='word_1_364' title='bbox 1985 2742 2137 2798; x_wconf 88' lang='lat' dir='ltr'>magis</span> 
     </span>
     <span class='ocr_line' id='line_1_33' title="bbox 62 2814 2138 2865; baseline -0 -7"><span class='ocrx_word' id='word_1_365' title='bbox 62 2814 312 2859; x_wconf 79' lang='lat' dir='ltr'>excitanda</span> <span class='ocrx_word' id='word_1_366' title='bbox 361 2823 441 2865; x_wconf 87' lang='lat' dir='ltr'>est,</span> <span class='ocrx_word' id='word_1_367' title='bbox 491 2823 545 2859; x_wconf 89' lang='lat' dir='ltr'>ut</span> <span class='ocrx_word' id='word_1_368' title='bbox 594 2814 730 2860; x_wconf 91' lang='lat' dir='ltr'>nobis</span> <span class='ocrx_word' id='word_1_369' title='bbox 781 2815 1065 2860; x_wconf 89' lang='lat' dir='ltr'>assentiatur</span> <span class='ocrx_word' id='word_1_370' title='bbox 1102 2815 1290 2860; x_wconf 90' lang='lat' dir='ltr'>auditor</span> <span class='ocrx_word' id='word_1_371' title='bbox 1330 2823 1462 2859; x_wconf 92' lang='lat' dir='ltr'>tanto</span> <span class='ocrx_word' id='word_1_372' title='bbox 1499 2815 1654 2860; x_wconf 90' lang='lat' dir='ltr'>minus</span> <span class='ocrx_word' id='word_1_373' title='bbox 1693 2815 1740 2859; x_wconf 89' lang='lat' dir='ltr'>in</span> <span class='ocrx_word' id='word_1_374' title='bbox 1778 2829 1833 2859; x_wconf 90' lang='lat' dir='ltr'>ea</span> <span class='ocrx_word' id='word_1_375' title='bbox 1871 2814 1953 2859; x_wconf 90' lang='lat' dir='ltr'>diu</span> <span class='ocrx_word' id='word_1_376' title='bbox 1989 2814 2138 2859; x_wconf 86' lang='lat' dir='ltr'>teneri</span> 
     </span>
     <span class='ocr_line' id='line_1_34' title="bbox 66 2886 2138 2941; baseline 0 -12"><span class='ocrx_word' id='word_1_377' title='bbox 66 2894 231 2940; x_wconf 86' lang='lat' dir='ltr'>potest,</span> <span class='ocrx_word' id='word_1_378' title='bbox 270 2900 374 2930; x_wconf 84' lang='lat' dir='ltr'>cum</span> <span class='ocrx_word' id='word_1_379' title='bbox 421 2886 561 2930; x_wconf 79' lang='lat' dir='ltr'>fuerit</span> <span class='ocrx_word' id='word_1_380' title='bbox 601 2896 824 2941; x_wconf 89' lang='lat' dir='ltr'>quantum</span> <span class='ocrx_word' id='word_1_381' title='bbox 868 2887 980 2931; x_wconf 90' lang='lat' dir='ltr'>satis</span> <span class='ocrx_word' id='word_1_382' title='bbox 1020 2897 1087 2933; x_wconf 89' lang='lat' dir='ltr'>est</span> <span class='ocrx_word' id='word_1_383' title='bbox 1129 2887 1342 2931; x_wconf 89' lang='lat' dir='ltr'>excitata.</span> <span class='ocrx_word' id='word_1_384' title='bbox 1412 2887 1471 2931; x_wconf 85' lang='lat' dir='ltr'>Et</span> <span class='ocrx_word' id='word_1_385' title='bbox 1514 2887 1618 2931; x_wconf 90' lang='lat' dir='ltr'>ideo</span> <span class='ocrx_word' id='word_1_386' title='bbox 1656 2886 1915 2931; x_wconf 91' lang='lat' dir='ltr'>cavendum</span> <span class='ocrx_word' id='word_1_387' title='bbox 1956 2893 2039 2938; x_wconf 89' lang='lat' dir='ltr'>est,</span> <span class='ocrx_word' id='word_1_388' title='bbox 2078 2900 2138 2930; x_wconf 89' lang='lat' dir='ltr'>ne</span> 
     </span>
     <span class='ocr_line' id='line_1_35' title="bbox 63 2955 2137 3011; baseline 0 -11"><span class='ocrx_word' id='word_1_389' title='bbox 63 2955 173 3000; x_wconf 91' lang='lat' dir='ltr'>dum</span> <span class='ocrx_word' id='word_1_390' title='bbox 222 2957 436 3002; x_wconf 88' lang='lat' dir='ltr'>volumus</span> <span class='ocrx_word' id='word_1_391' title='bbox 483 2958 624 3003; x_wconf 88' lang='lat' dir='ltr'>altius</span> <span class='ocrx_word' id='word_1_392' title='bbox 670 2959 849 3011; x_wconf 88' lang='lat' dir='ltr'>erigere</span> <span class='ocrx_word' id='word_1_393' title='bbox 897 2958 1020 3011; x_wconf 89' lang='lat' dir='ltr'>quod</span> <span class='ocrx_word' id='word_1_394' title='bbox 1070 2967 1273 3003; x_wconf 90' lang='lat' dir='ltr'>erectum</span> <span class='ocrx_word' id='word_1_395' title='bbox 1324 2967 1408 3010; x_wconf 89' lang='lat' dir='ltr'>est,</span> <span class='ocrx_word' id='word_1_396' title='bbox 1455 2959 1593 3002; x_wconf 88' lang='lat' dir='ltr'>etiam</span> <span class='ocrx_word' id='word_1_397' title='bbox 1645 2958 1753 3003; x_wconf 92' lang='lat' dir='ltr'>inde</span> <span class='ocrx_word' id='word_1_398' title='bbox 1799 2956 1995 3010; x_wconf 89' lang='lat' dir='ltr'>decidat,</span> <span class='ocrx_word' id='word_1_399' title='bbox 2045 2970 2137 3009; x_wconf 90' lang='lat' dir='ltr'>quo</span> 
     </span>
     <span class='ocr_line' id='line_1_36' title="bbox 72 3025 2138 3082; baseline 0.001 -13"><span class='ocrx_word' id='word_1_400' title='bbox 72 3025 228 3071; x_wconf 79' lang='lat' dir='ltr'>fuerat</span> <span class='ocrx_word' id='word_1_401' title='bbox 272 3027 552 3072; x_wconf 87' lang='lat' dir='ltr'>excitatione</span> <span class='ocrx_word' id='word_1_402' title='bbox 598 3028 886 3081; x_wconf 89' lang='lat' dir='ltr'>perductum.</span> <span class='ocrx_word' id='word_1_403' title='bbox 966 3028 1260 3082; x_wconf 91' lang='lat' dir='ltr'>Interpositis</span> <span class='ocrx_word' id='word_1_404' title='bbox 1307 3043 1421 3073; x_wconf 88' lang='lat' dir='ltr'>vero</span> <span class='ocrx_word' id='word_1_405' title='bbox 1465 3043 1584 3082; x_wconf 88' lang='lat' dir='ltr'>quae</span> <span class='ocrx_word' id='word_1_406' title='bbox 1633 3036 1739 3073; x_wconf 89' lang='lat' dir='ltr'>sunt</span> <span class='ocrx_word' id='word_1_407' title='bbox 1785 3026 1983 3072; x_wconf 86' lang='lat' dir='ltr'>dicenda</span> <span class='ocrx_word' id='word_1_408' title='bbox 2031 3025 2138 3071; x_wconf 89' lang='lat' dir='ltr'>sub·</span> 
     </span>
     <span class='ocr_line' id='line_1_37' title="bbox 66 3097 2139 3154; baseline 0 -13"><span class='ocrx_word' id='word_1_409' title='bbox 66 3097 267 3150; x_wconf 83' lang='lat' dir='ltr'>missius,</span> <span class='ocrx_word' id='word_1_410' title='bbox 296 3097 410 3144; x_wconf 89' lang='lat' dir='ltr'>bene</span> <span class='ocrx_word' id='word_1_411' title='bbox 440 3099 619 3142; x_wconf 89' lang='lat' dir='ltr'>reditur</span> <span class='ocrx_word' id='word_1_412' title='bbox 646 3099 704 3143; x_wconf 87' lang='lat' dir='ltr'>ad</span> <span class='ocrx_word' id='word_1_413' title='bbox 734 3114 787 3144; x_wconf 92' lang='lat' dir='ltr'>ea</span> <span class='ocrx_word' id='word_1_414' title='bbox 815 3114 933 3154; x_wconf 86' lang='lat' dir='ltr'>quae</span> <span class='ocrx_word' id='word_1_415' title='bbox 962 3114 1078 3153; x_wconf 90' lang='lat' dir='ltr'>opus</span> <span class='ocrx_word' id='word_1_416' title='bbox 1108 3108 1176 3144; x_wconf 89' lang='lat' dir='ltr'>est</span> <span class='ocrx_word' id='word_1_417' title='bbox 1207 3099 1447 3154; x_wconf 88' lang='lat' dir='ltr'>granditer</span> <span class='ocrx_word' id='word_1_418' title='bbox 1478 3099 1581 3150; x_wconf 90' lang='lat' dir='ltr'>dici,</span> <span class='ocrx_word' id='word_1_419' title='bbox 1611 3106 1663 3144; x_wconf 91' lang='lat' dir='ltr'>ut</span> <span class='ocrx_word' id='word_1_420' title='bbox 1691 3097 1909 3143; x_wconf 91' lang='lat' dir='ltr'>dictionis</span> <span class='ocrx_word' id='word_1_421' title='bbox 1938 3098 2139 3151; x_wconf 83' lang='lat' dir='ltr'>impetus</span> 
     </span>
     <span class='ocr_line' id='line_1_38' title="bbox 69 3167 2141 3225; baseline -0 -11"><span class='ocrx_word' id='word_1_422' title='bbox 69 3167 185 3214; x_wconf 79' lang='lat' dir='ltr'>sicut</span> <span class='ocrx_word' id='word_1_423' title='bbox 211 3169 354 3214; x_wconf 83' lang='lat' dir='ltr'>maris</span> <span class='ocrx_word' id='word_1_424' title='bbox 379 3178 536 3214; x_wconf 85' lang='lat' dir='ltr'>aestus</span> <span class='ocrx_word' id='word_1_425' title='bbox 561 3170 770 3214; x_wconf 88' lang='lat' dir='ltr'>alternet.</span> <span class='ocrx_word' id='word_1_426' title='bbox 828 3170 897 3213; x_wconf 84' lang='lat' dir='ltr'>Ex</span> <span class='ocrx_word' id='word_1_427' title='bbox 927 3186 1019 3224; x_wconf 90' lang='lat' dir='ltr'>quo</span> <span class='ocrx_word' id='word_1_428' title='bbox 1046 3170 1094 3215; x_wconf 82' lang='lat' dir='ltr'>fit</span> <span class='ocrx_word' id='word_1_429' title='bbox 1121 3179 1169 3215; x_wconf 90' lang='lat' dir='ltr'>ut</span> <span class='ocrx_word' id='word_1_430' title='bbox 1198 3171 1374 3225; x_wconf 88' lang='lat' dir='ltr'>grande</span> <span class='ocrx_word' id='word_1_431' title='bbox 1401 3170 1584 3215; x_wconf 90' lang='lat' dir='ltr'>dicendi</span> <span class='ocrx_word' id='word_1_432' title='bbox 1612 3184 1773 3224; x_wconf 89' lang='lat' dir='ltr'>genus,</span> <span class='ocrx_word' id='word_1_433' title='bbox 1801 3170 1839 3214; x_wconf 90' lang='lat' dir='ltr'>si</span> <span class='ocrx_word' id='word_1_434' title='bbox 1867 3168 2044 3214; x_wconf 90' lang='lat' dir='ltr'>diutius</span> <span class='ocrx_word' id='word_1_435' title='bbox 2068 3175 2141 3214; x_wconf 88' lang='lat' dir='ltr'>est</span> 
     </span>
     <span class='ocr_line' id='line_1_39' title="bbox 67 3238 2140 3295; baseline 0.001 -13"><span class='ocrx_word' id='word_1_436' title='bbox 67 3238 324 3291; x_wconf 85' lang='lat' dir='ltr'>dicendum,</span> <span class='ocrx_word' id='word_1_437' title='bbox 380 3255 472 3285; x_wconf 92' lang='lat' dir='ltr'>non</span> <span class='ocrx_word' id='word_1_438' title='bbox 528 3241 691 3286; x_wconf 88' lang='lat' dir='ltr'>debeat</span> <span class='ocrx_word' id='word_1_439' title='bbox 745 3255 845 3286; x_wconf 88' lang='lat' dir='ltr'>esse</span> <span class='ocrx_word' id='word_1_440' title='bbox 899 3243 1062 3295; x_wconf 89' lang='lat' dir='ltr'>solum,</span> <span class='ocrx_word' id='word_1_441' title='bbox 1118 3242 1196 3287; x_wconf 89' lang='lat' dir='ltr'>sed</span> <span class='ocrx_word' id='word_1_442' title='bbox 1251 3243 1450 3287; x_wconf 89' lang='lat' dir='ltr'>aliorum</span> <span class='ocrx_word' id='word_1_443' title='bbox 1504 3255 1728 3295; x_wconf 83' lang='lat' dir='ltr'>generum</span> <span class='ocrx_word' id='word_1_444' title='bbox 1781 3239 2140 3294; x_wconf 87' lang='lat' dir='ltr'>interpositione</span> 
     </span>
     <span class='ocr_line' id='line_1_40' title="bbox 63 3309 2026 3365; baseline 0 -11"><span class='ocrx_word' id='word_1_445' title='bbox 63 3309 297 3362; x_wconf 84' lang='lat' dir='ltr'>varietur;</span> <span class='ocrx_word' id='word_1_446' title='bbox 344 3309 383 3353; x_wconf 89' lang='lat' dir='ltr'>ei</span> <span class='ocrx_word' id='word_1_447' title='bbox 417 3319 571 3355; x_wconf 86' lang='lat' dir='ltr'>tamen</span> <span class='ocrx_word' id='word_1_448' title='bbox 601 3324 769 3364; x_wconf 87' lang='lat' dir='ltr'>genere</span> <span class='ocrx_word' id='word_1_449' title='bbox 801 3310 945 3356; x_wconf 88' lang='lat' dir='ltr'>dictio</span> <span class='ocrx_word' id='word_1_450' title='bbox 974 3319 1072 3357; x_wconf 90' lang='lat' dir='ltr'>tota</span> <span class='ocrx_word' id='word_1_451' title='bbox 1103 3311 1336 3363; x_wconf 86' lang='lat' dir='ltr'>tribuitur,</span> <span class='ocrx_word' id='word_1_452' title='bbox 1366 3311 1505 3364; x_wconf 86' lang='lat' dir='ltr'>cujus</span> <span class='ocrx_word' id='word_1_453' title='bbox 1536 3311 1670 3365; x_wconf 87' lang='lat' dir='ltr'>copia</span> <span class='ocrx_word' id='word_1_454' title='bbox 1700 3309 2026 3365; x_wconf 86' lang='lat' dir='ltr'>praevaluerit.</span> 
     </span>
    </p>
   </div>
   <div class='ocr_carea' id='block_1_6' title="bbox 66 3390 2142 3659">
    <p class='ocr_par' dir='ltr' id='par_1_6' title="bbox 66 3390 2142 3659">
     <span class='ocr_line' id='line_1_41' title="bbox 175 3390 2142 3449; baseline 0 -12"><span class='ocrx_word' id='word_1_455' title='bbox 175 3391 206 3414; x_wconf 83' lang='lat'>²¹</span> <span class='ocrx_word' id='word_1_456' title='bbox 224 3390 279 3437; x_wconf 91' lang='lat' dir='ltr'><strong><em>D.</em></strong></span> <span class='ocrx_word' id='word_1_457' title='bbox 305 3393 361 3438; x_wconf 92' lang='lat' dir='ltr'><strong><em>D.</em></strong></span> <span class='ocrx_word' id='word_1_458' title='bbox 385 3392 436 3439; x_wconf 89' lang='lat' dir='ltr'><strong><em>C.</em></strong></span> <span class='ocrx_word' id='word_1_459' title='bbox 463 3393 545 3446; x_wconf 88' lang='lat' dir='ltr'>IV,</span> <span class='ocrx_word' id='word_1_460' title='bbox 569 3406 636 3448; x_wconf 83' lang='lat'>27.</span> <span class='ocrx_word' id='word_1_461' title='bbox 662 3405 738 3448; x_wconf 87' lang='lat'>59:</span> <span class='ocrx_word' id='word_1_462' title='bbox 780 3395 936 3439; x_wconf 88' lang='lat' dir='ltr'>Habet</span> <span class='ocrx_word' id='word_1_463' title='bbox 962 3403 1116 3440; x_wconf 87' lang='lat' dir='ltr'>autem</span> <span class='ocrx_word' id='word_1_464' title='bbox 1143 3405 1191 3440; x_wconf 90' lang='lat' dir='ltr'>ut</span> <span class='ocrx_word' id='word_1_465' title='bbox 1217 3394 1488 3440; x_wconf 89' lang='lat' dir='ltr'>obedienter</span> <span class='ocrx_word' id='word_1_466' title='bbox 1512 3394 1745 3447; x_wconf 88' lang='lat' dir='ltr'>audiatur,</span> <span class='ocrx_word' id='word_1_467' title='bbox 1768 3401 2142 3449; x_wconf 87' lang='lat' dir='ltr'>quantacumque</span> 
     </span>
     <span class='ocr_line' id='line_1_42' title="bbox 66 3462 2141 3519; baseline 0 -10"><span class='ocrx_word' id='word_1_468' title='bbox 66 3462 330 3517; x_wconf 76' lang='lat' dir='ltr'>granditate</span> <span class='ocrx_word' id='word_1_469' title='bbox 380 3464 596 3510; x_wconf 86' lang='lat' dir='ltr'>dictionis</span> <span class='ocrx_word' id='word_1_470' title='bbox 645 3466 797 3518; x_wconf 87' lang='lat' dir='ltr'>majus</span> <span class='ocrx_word' id='word_1_471' title='bbox 849 3466 1028 3519; x_wconf 83' lang='lat' dir='ltr'>pondus</span> <span class='ocrx_word' id='word_1_472' title='bbox 1078 3467 1172 3512; x_wconf 88' lang='lat' dir='ltr'>vita</span> <span class='ocrx_word' id='word_1_473' title='bbox 1223 3466 1430 3512; x_wconf 87' lang='lat' dir='ltr'>dicentis.</span> <span class='ocrx_word' id='word_1_474' title='bbox 1513 3465 1634 3509; x_wconf 88' lang='lat' dir='ltr'>Nam</span> <span class='ocrx_word' id='word_1_475' title='bbox 1684 3466 1761 3519; x_wconf 91' lang='lat' dir='ltr'>qui</span> <span class='ocrx_word' id='word_1_476' title='bbox 1814 3465 2046 3519; x_wconf 87' lang='lat' dir='ltr'>sapienter</span> <span class='ocrx_word' id='word_1_477' title='bbox 2097 3473 2141 3510; x_wconf 91' lang='lat' dir='ltr'>et</span> 
     </span>
     <span class='ocr_line' id='line_1_43' title="bbox 72 3533 2140 3590; baseline 0.001 -12"><span class='ocrx_word' id='word_1_478' title='bbox 72 3533 342 3588; x_wconf 87' lang='lat' dir='ltr'>eloquenter</span> <span class='ocrx_word' id='word_1_479' title='bbox 362 3534 485 3584; x_wconf 87' lang='lat' dir='ltr'>dicit,</span> <span class='ocrx_word' id='word_1_480' title='bbox 509 3535 622 3579; x_wconf 87' lang='lat' dir='ltr'>vivit</span> <span class='ocrx_word' id='word_1_481' title='bbox 646 3544 799 3580; x_wconf 87' lang='lat' dir='ltr'>autem</span> <span class='ocrx_word' id='word_1_482' title='bbox 823 3535 1048 3589; x_wconf 85' lang='lat' dir='ltr'>nequiter,</span> <span class='ocrx_word' id='word_1_483' title='bbox 1072 3536 1223 3580; x_wconf 82' lang='lat' dir='ltr'>erudit</span> <span class='ocrx_word' id='word_1_484' title='bbox 1247 3536 1433 3590; x_wconf 85' lang='lat' dir='ltr'>quidem</span> <span class='ocrx_word' id='word_1_485' title='bbox 1457 3536 1631 3580; x_wconf 86' lang='lat' dir='ltr'>multos</span> <span class='ocrx_word' id='word_1_486' title='bbox 1655 3535 1863 3580; x_wconf 88' lang='lat' dir='ltr'>discendi</span> <span class='ocrx_word' id='word_1_487' title='bbox 1889 3535 2140 3588; x_wconf 89' lang='lat' dir='ltr'>studiosos,</span> 
     </span>
     <span class='ocr_line' id='line_1_44' title="bbox 66 3604 2141 3659; baseline 0 -11"><span class='ocrx_word' id='word_1_488' title='bbox 66 3604 278 3659; x_wconf 87' lang='lat' dir='ltr'>quamvis</span> <span class='ocrx_word' id='word_1_489' title='bbox 303 3605 511 3650; x_wconf 85' lang='lat' dir='ltr'>“animae</span> <span class='ocrx_word' id='word_1_490' title='bbox 538 3620 647 3651; x_wconf 86' lang='lat' dir='ltr'>suae</span> <span class='ocrx_word' id='word_1_491' title='bbox 674 3605 730 3651; x_wconf 88' lang='lat' dir='ltr'>sit</span> <span class='ocrx_word' id='word_1_492' title='bbox 757 3606 975 3651; x_wconf 82' lang='lat' dir='ltr'>inutilis.”</span> <span class='ocrx_word' id='word_1_493' title='bbox 1022 3606 1223 3659; x_wconf 82' lang='lat' dir='ltr'>(Eccles.</span> <span class='ocrx_word' id='word_1_494' title='bbox 1252 3606 1508 3657; x_wconf 84' lang='lat' dir='ltr'><strong><em>XXXVII.</em></strong></span> <span class='ocrx_word' id='word_1_495' title='bbox 1534 3606 1637 3659; x_wconf 85' lang='lat'>22),</span> <span class='ocrx_word' id='word_1_496' title='bbox 1664 3606 1781 3651; x_wconf 89' lang='lat' dir='ltr'>sicut</span> <span class='ocrx_word' id='word_1_497' title='bbox 1809 3605 2031 3659; x_wconf 85' lang='lat' dir='ltr'>scriptum</span> <span class='ocrx_word' id='word_1_498' title='bbox 2059 3611 2141 3649; x_wconf 89' lang='lat' dir='ltr'>est.</span> 
     </span>
    </p>
   </div>
  </div>
 </body>
</html>
