2373 4033
552 85 926 138 AUGUSTINE'S
961 100 1125 136 IDEAL
1160 101 1619 138 ECCLESIASTICAL
1653 102 1864 138 ORATOR
2208 104 2241 156 9

180 256 500 317 informab0‚
556 256 727 322 qualis
784 257 1016 308 fortasse
1068 271 1226 308 nemo
1279 256 1398 308 fuit.
1492 257 1620 308 Non
1674 257 1814 307 enim
1869 274 2069 322 qua-ero
2124 258 2242 323 quis

178 340 360 402 fuerit,
423 340 515 392 sed
576 340 704 405 quid
764 340 831 391 sit
893 341 1038 402 illud,
1101 356 1206 404 quo
1268 340 1399 391 nihil
1461 359 1575 392 esse
1638 341 1806 405 possit
1867 343 2242 406 praestantius,

179 424 322 489 quod
384 424 437 473 in
497 424 853 489 perpetuitate
910 424 1126 475 dicendi
1187 441 1293 474 non
1355 441 1512 488 saepe
1573 433 1732 489 atque
1794 425 1939 476 haud
2003 426 2113 476 scio
2175 443 2244 476 an

175 523 466 572 nunquam,
497 506 554 557 in
585 508 762 571 aliqua
793 514 975 558 autem
1005 515 1155 572 parte
1189 509 1392 559 eluceat
1424 507 1726 572 aliquandO,
1763 508 1904 559 idem
1936 510 2077 574 apud
2111 507 2243 560 alios

179 592 413 652 densiuS,
454 592 596 657 apud
632 592 764 642 alios
804 592 1035 644 fortasse
1074 592 1262 643 rarius,
1341 591 1447 643 Sed
1485 609 1581 657 ego
1619 593 1692 643 sic
1730 601 1922 653 statuo,
1961 594 2092 644 nihil
2129 610 2243 644 esse

177 676 230 726 in
257 676 367 727 ullo
393 692 588 741 genere
613 684 724 726 tam
751 676 1011 740 pulcrum,
1041 691 1147 739 quo
1176 691 1282 725 non
1312 674 1549 740 pulcrius
1578 676 1632 727 id
1663 674 1730 727 sit
1758 677 1899 728 unde
1928 676 2058 728 illud
2089 686 2146 728 ut
2176 695 2243 728 ex

178 777 270 811 ore
296 760 475 826 aliquo
500 760 651 825 quasi
678 759 852 825 imago
880 761 1242 825 exprimatur;
1269 761 1412 825 quod
1438 777 1609 826 neque
1636 761 1805 811 oculis
1829 778 2000 826 neque
2026 763 2244 812 auribus

175 860 348 908 neque
383 843 494 895 ullo
531 860 690 895 sensu
726 841 927 909 percipi
963 851 1154 908 potest,
1195 844 1516 910 cogitatione
1553 851 1763 895 tantum
1800 854 1851 896 et
1889 853 2065 896 mente
2103 862 2244 896 com-

177 929 475 994 plectimur.
537 929 922 980 Furthermore
947 929 1014 980 he
1039 929 1082 979 is
1109 938 1163 980 to
1187 929 1251 980 be
1277 929 1517 994 engaged
1541 930 1596 980 in
1623 930 1743 981 foro
1770 932 2051 995 causisque
2079 931 2245 981 civili-

174 1013 290 1074 buS,
316 1012 491 1064 which
515 1012 715 1064 defines
740 1012 823 1064 his
849 1012 1040 1078 sphere
1062 1012 1123 1064 of
1150 1012 1342 1064 action.
1404 1013 1494 1064 He
1517 1012 1560 1065 is
1584 1013 1675 1065 the
1699 1014 1912 1079 lawyer,
1940 1015 2031 1065 the
2057 1022 2244 1066 states-

173 1115 314 1149 man.
381 1097 533 1149 With
563 1097 840 1149 reference
870 1106 924 1149 to
955 1097 1037 1150 his
1070 1098 1363 1159 functions,
1395 1098 1448 1149 in
1477 1098 1559 1150 his
1590 1097 1788 1150 tribute
1818 1108 1872 1151 to
1904 1098 1992 1150 the
2022 1098 2246 1165 nobility

175 1182 235 1234 of
276 1182 366 1234 the
404 1191 502 1243 art,
543 1183 608 1234 he
647 1201 768 1248 says
809 1184 862 1233 in
899 1183 981 1234 De
1025 1181 1175 1234 Orat‘.
1217 1185 1260 1244 Ι,
1299 1182 1345 1234 8.
1370 1198 1462 1248 31:
1523 1183 1671 1248 Quid
1708 1183 1850 1235 enim
1888 1194 1967 1235 est
2007 1194 2099 1236 aut
2137 1194 2247 1236 tam

173 1266 486 1318 admirabile
527 1284 690 1331 quam
730 1285 796 1318 ex
838 1267 1046 1319 infinita
1086 1267 1428 1320 multitudine
1469 1268 1748 1318 hominum
1789 1268 2018 1320 existere
2061 1285 2242 1329 unum,

178 1350 268 1415 qui
309 1350 377 1411 id,
418 1352 561 1416 quod
601 1351 847 1402 omnibus
886 1360 1080 1402 natura
1120 1351 1188 1402 sit
1224 1351 1426 1413 datum,
1466 1352 1550 1401 vel
1591 1352 1735 1403 solus
1773 1353 1858 1402 vel
1900 1369 2022 1403 cum
2060 1354 2246 1418 paucis

180 1435 359 1485 facere
385 1435 587 1500 possit?
619 1444 710 1486 aut
738 1444 848 1485 tam
877 1435 1170 1486 iucundum
1201 1436 1416 1500 cognitu
1445 1444 1604 1500 atque
1633 1436 1820 1486 auditu
1848 1453 2008 1501 quam
2039 1437 2246 1501 sapien-

178 1518 318 1569 tibus
352 1519 628 1569 sententiis
661 1519 1021 1584 gravibusque
1053 1519 1230 1570 verbis
1264 1528 1454 1570 ornata
1486 1520 1658 1571 oratio
1693 1529 1745 1570 et
1776 1519 1976 1585 polita?
2008 1528 2103 1571 aut
2137 1530 2246 1571 tam

175 1610 364 1667 potens
400 1611 614 1666 tamque
647 1602 995 1669 magnificum
1029 1610 1193 1667 quam
1224 1602 1408 1668 populi
1443 1611 1635 1664 motus,
1676 1604 1913 1655 iudicum
1948 1602 2246 1671 religioneS,

179 1695 393 1738 senatus
451 1688 771 1753 gravitatem
827 1686 986 1738 unius
1044 1689 1286 1740 oratione
1344 1689 1619 1740 converti?
1713 1688 1860 1754 Quid
1919 1698 2030 1741 tam
2086 1706 2247 1754 porro

179 1773 400 1837 regium,
435 1781 544 1823 tam
579 1772 808 1833 liberale,
845 1782 954 1824 tam
987 1773 1300 1824 munificum
1337 1791 1497 1839 quam
1528 1791 1689 1839 opem
1723 1775 1865 1826 ferre
1901 1775 2245 1839 supplicibUS‚

177 1854 411 1908 excitare
447 1856 684 1918 affiictOS,
725 1857 852 1908 dare
890 1857 1131 1918 salutem,
1169 1855 1394 1909 liberare
1432 1858 1699 1923 periculis,
1740 1859 1967 1910 retinere
2006 1858 2247 1910 homines

177 1941 228 1991 in
279 1941 528 1993 civitate?
612 1940 760 2007 Quid
809 1951 989 1995 autem
1033 1952 1145 1994 tam
1191 1944 1553 1994 necessarium
1602 1959 1762 2008 quam
1810 1952 1991 1994 tenere
2039 1960 2248 2008 semper

176 2043 342 2090 arma,
373 2026 564 2091 quibus
594 2027 678 2078 vel
708 2034 880 2079 tectus
908 2027 1021 2092 ipse
1053 2045 1170 2078 esse
1198 2028 1371 2092 possis
1403 2030 1488 2080 vel
1518 2045 1813 2094 provocare
1845 2028 2049 2095 integer
2081 2030 2164 2080 vel
2193 2037 2247 2080 te

176 2111 359 2163 ulcisci
409 2111 722 2163 lacessitus?
806 2112 924 2179 Age
972 2129 1116 2173 vem,
1166 2131 1232 2165 ne
1281 2130 1490 2178 semper
1541 2113 1725 2164 forum
1773 2114 2021 2165 subsellia
2072 2123 2247 2166 rostra

175 2197 482 2261 curiamque
511 2197 783 2259 meditere,
810 2197 938 2262 quid
965 2215 1080 2250 esse
1105 2206 1282 2263 potest
1307 2199 1361 2249 in
1386 2199 1497 2250 otio
1525 2206 1617 2250 aut
1644 2200 1930 2251 iucundius
1959 2208 2050 2251 aut
2076 2200 2246 2266 magis

176 2280 455 2344 proprium
483 2279 846 2341 humanitatis,
879 2297 1040 2346 quam
1070 2299 1248 2333 sermo
1279 2281 1487 2333 facetus
1517 2300 1578 2333 ac
1608 2283 1756 2334 nulla
1784 2283 1838 2333 in
1873 2301 1929 2335 re
1959 2283 2143 2334 rudis?

279 2364 456 2431 Again
502 2366 554 2416 in
598 2366 681 2417 De
729 2364 879 2418 Orat.
927 2368 999 2428 II,
1045 2365 1092 2418 8.
1116 2382 1197 2432 34,
1246 2367 1333 2419 ff:
1397 2367 1506 2432 Qui
1553 2369 1695 2419 enim
1739 2379 1925 2419 cantus
1971 2370 2247 2420 moderata

174 2448 420 2500 oratione
455 2449 662 2501 dulcior
693 2448 924 2502 inveniri
956 2452 1170 2516 potest?
1203 2452 1347 2516 quod
1383 2469 1598 2503 carmen
1635 2451 1923 2504 artificiosa
1959 2454 2247 2505 verborum

180 2534 520 2586 conclusione
558 2535 770 2600 aptius?
847 2537 937 2601 qui
977 2545 1128 2588 actor
1168 2537 1442 2597 imitanda,
1484 2554 1644 2603 quam
1685 2546 1869 2589 orator
1909 2538 2248 2603 suscipienda

176 2617 400 2670 veritate
442 2619 758 2671 iucundior?
800 2619 947 2684 Quid
989 2630 1170 2672 autem
1210 2621 1454 2672 subtilius
1496 2638 1659 2686 quam
1699 2622 1914 2674 crebrae
1957 2632 2249 2687 acutaeque

180 2702 508 2754 sententiae?
583 2703 711 2768 quid
786 2704 1156 2755 admirabilius
1230 2722 1391 2770 quam
1468 2723 1550 2756 res
1627 2705 1910 2770 splendore
1984 2706 2248 2757 illustrata

179 2786 502 2837 verborum?
565 2787 693 2852 quid
718 2785 926 2852 plenius
953 2805 1113 2854 quam
1141 2789 1285 2840 omni
1314 2805 1505 2855 genere
1535 2806 1713 2839 rerum
1742 2790 2013 2841 cumulata
2039 2790 2246 2841 oratio?

180 2869 370 2933 Neque
408 2871 516 2922 ulla
553 2888 659 2922 non
699 2873 916 2936 propria
956 2873 1186 2924 oratoris
1228 2890 1310 2924 res
1353 2883 1448 2934 est,
1488 2890 1622 2937 quae
1664 2873 2104 2939 quidembrnate
2145 2875 2247 2924 (lici

181 2955 522 3019 graviterque
559 2955 729 3006 debet.
804 2956 984 3007 Huius
1022 2965 1100 3007 est
1138 2956 1190 3006 in
1226 2957 1404 3009 dando
1441 2957 1664 3008 consilio
1701 2958 1765 3008 de
1803 2958 2053 3008 maximis
2091 2958 2246 3009 rebus

181 3053 301 3088 cum
354 3036 612 3104 dignitate
664 3039 928 3104 explicata
980 3041 1270 3102 sententia3
1323 3039 1562 3092 eiusdem
1612 3050 1663 3093 et
1714 3042 2014 3108 languentis
2066 3041 2248 3107 populi

181 3123 421 3174 incitatio
455 3132 504 3174 et
539 3124 787 3174 effrenati
822 3125 1149 3186 moderatio;
1180 3125 1369 3176 eadem
1408 3126 1664 3178 facultate
1699 3135 1750 3177 et
1785 3128 1935 3178 fraus
1970 3127 2247 3177 hominum

180 3206 249 3257 ad
284 3207 573 3272 perniciem
611 3216 661 3258 et
697 3208 974 3274 integritas
1011 3209 1078 3260 ad
1118 3208 1343 3260 salutem
1380 3218 1620 3260 vocatur.
1694 3210 1832 3276 Quis
1870 3209 2140 3262 cohortari
2177 3210 2247 3261 ad

179 3287 434 3342 virtutem
461 3291 752 3353 ardentius,
783 3293 901 3356 quis
932 3310 962 3344 a
991 3291 1134 3344 vitiis
1163 3295 1338 3345 acrius
1368 3311 1634 3354 revocare,
1668 3292 1785 3358 quis
1816 3295 2120 3359 vituperare
2150 3293 2246 3343 im-

179 3374 376 3438 probos
431 3376 688 3441 asperius,
744 3377 862 3442 quis
916 3378 1139 3432 laudare
1189 3378 1356 3430 bonos
1409 3380 1667 3439 ornatius,
1724 3379 1842 3443 quis
1896 3379 2244 3443 cupiditatem

178 3459 545 3512 vehementius
570 3462 819 3528 frangere
842 3464 1146 3515 accusando
1168 3464 1377 3529 potest?
1401 3464 1519 3529 quis
1541 3480 1839 3514 maerorem
1863 3463 2041 3514 levare
2062 3463 2244 3514 mitius
