2373 4033
77 222 142 275 52
192 206 432 258 CICERO’S
468 220 801 258 INFLUENCE
834 219 987 256 UPON
1022 202 1399 256 AUGUSTINE‘S
1431 216 1774 253 ORATORICAL
1806 214 2034 251 THEORY

72 376 135 429 οἱ
163 374 371 438 Cicero,
401 375 455 426 in
480 374 597 426 that
626 374 691 426 he
720 381 884 425 states
913 371 1286 439 emphatically
1316 372 1430 423 that
1458 369 1564 421 this
1592 367 1638 421 is
1667 377 1762 421 not
1788 385 1859 421 an
1886 368 2151 433 adequate

72 462 193 514 end.
1028 466 1039 475 ’

179 574 356 626 When
382 572 525 625 what
550 572 638 624 the
662 571 1036 624 ecclesiastica]
1059 580 1245 622 orator
1267 569 1363 621 has
1387 577 1444 621 to
1468 585 1562 633 say
1586 568 1630 620 is
1653 566 1796 634 good
1820 566 1927 618 and
1951 564 2151 628 useful,

78 659 232 712 when
277 657 361 711 his
404 658 622 710 hearers
665 675 758 710 are
800 656 1119 722 acquainted
1165 655 1293 706 with
1338 653 1377 706 it
1421 654 1526 706 and
1573 652 1857 718 favorably
1903 649 2154 716 disposed

77 745 314 798 towards
344 743 402 804 it,
435 760 497 796 so
524 743 641 795 that
672 744 796 808 they
828 742 898 795 do
930 751 1021 793 not
1054 741 1187 793 need
1219 749 1273 791 to
1304 739 1367 792 be
1400 739 1696 791 instructed
1725 754 1789 789 or
1822 735 2156 798 conciliated,

80 832 274 897 beauty
304 831 363 882 of
394 830 528 896 style
556 846 679 895 may
710 829 773 880 be
801 827 1124 879 serviceable
1156 827 1208 876 in
1240 825 1491 891 securing
1521 842 1552 875 a
1582 840 1732 874 more
1764 831 1980 889 prompt
2012 838 2157 873 com-

78 917 285 982 pliance
317 932 387 967 on
421 914 560 966 their
592 922 728 979 part.
799 912 918 964 The
955 911 1201 962 function
1236 909 1297 962 of
1334 909 1402 962 all
1437 911 1743 974 eloquence,
1781 907 2054 959 whatever
2089 906 2156 958 its

84 1001 244 1061 form,
286 1000 446 1066 being
486 1009 541 1052 to
583 998 746 1064 speak
787 998 1153 1064 persuasively
1194 996 1300 1048 and
1341 995 1410 1047 its
1450 994 1629 1060 object
1670 1003 1728 1045 to
1765 993 2046 1058 persuade,
2090 1007 2158 1043 an

82 1087 330 1151 eloquent
360 1102 483 1136 man
515 1086 620 1135 will
653 1084 816 1150 speak
847 1081 1227 1148 persuasively‚
1259 1080 1531 1132 whatever
1564 1079 1697 1145 style
1729 1078 1794 1130 he
1823 1095 1947 1143 may
1977 1077 2158 1142 adopt,

81 1172 176 1223 but
204 1173 380 1223 unless
412 1171 477 1222 he
507 1170 758 1221 succeeds
786 1167 840 1219 in
871 1166 1212 1233 persuading,
1244 1167 1326 1217 his
1354 1165 1647 1229 eloquence
1675 1163 1770 1215 has
1803 1163 1971 1215 failed
1996 1162 2060 1214 ot'
2090 1161 2160 1214 its

84 1257 280 1323 object.
353 1257 415 1307 In
450 1259 538 1307 the
575 1255 727 1306 Plain
766 1253 928 1320 Style,
965 1254 1030 1304 he
1064 1250 1357 1318 persuades
1391 1250 1474 1301 his
1509 1251 1727 1301 hearers
1763 1249 1879 1301 that
1913 1248 2060 1299 what
2094 1247 2162 1298 he

85 1359 206 1408 says
236 1341 278 1393 is
307 1351 454 1402 true;
500 1341 553 1391 in
581 1339 669 1390 the
699 1339 884 1391 Grand
913 1337 1062 1402 Style
1092 1336 1156 1388 he
1185 1335 1477 1401 persuades
1506 1335 1651 1386 them
1678 1343 1734 1385 to
1764 1333 1834 1384 do
1862 1331 2007 1384 what
2036 1331 2161 1397 they

85 1429 245 1479 know
269 1427 393 1492 they
419 1424 611 1476 should
635 1424 732 1484 do;
759 1424 811 1474 in
837 1424 924 1474 the
949 1423 1270 1487 Temperate
1295 1420 1442 1486 Style
1467 1420 1533 1470 he
1557 1417 1851 1485 persuades
1875 1417 2022 1469 them
2047 1416 2164 1468 that

83 1512 166 1564 his
200 1510 391 1578 speech
424 1510 467 1562 is
500 1509 627 1560 both
661 1511 910 1573 eloquent
940 1507 1046 1559 and
1080 1503 1362 1558 beautiful.
1435 1504 1541 1555 But
1575 1503 1635 1556 of
1670 1503 1814 1555 what
1847 1517 1942 1554 use
1977 1503 2023 1554 is
2056 1500 2162 1553 this

85 1597 187 1650 last
222 1607 276 1648 to
313 1595 400 1648 the
436 1593 810 1647 ecclesiastical
844 1592 1066 1644 orator?
1139 1591 1217 1657 By
1256 1591 1346 1643 the
1380 1606 1478 1642 use
1508 1589 1572 1640 of
1611 1589 1715 1640 this
1755 1588 1902 1654 Style
1939 1587 2005 1639 he
2040 1603 2163 1652 may

85 1682 348 1748 persuade
384 1697 505 1732 men
544 1688 598 1732 to
634 1677 755 1746 give
791 1695 864 1743 up
900 1678 1003 1729 bad
1041 1677 1231 1736 habits,
1272 1693 1332 1728 or
1369 1685 1424 1727 to
1461 1675 1714 1726 cultivate
1752 1673 1894 1741 good
1930 1689 2077 1733 ones,
2118 1671 2163 1723 if

86 1767 210 1833 they
239 1767 302 1818 be
331 1777 424 1817 not
453 1783 514 1817 so
538 1763 805 1816 obstinate
835 1781 893 1815 as
920 1772 978 1814 to
1007 1762 1140 1814 need
1169 1762 1258 1813 the
1291 1760 1477 1814 Grand
1509 1760 1672 1825 Style.
1740 1759 1857 1811 The
1887 1766 2074 1810 orator
2102 1756 2163 1809 of

87 1853 407 1919 Augustine,
434 1850 576 1909 then,
605 1849 798 1902 should
824 1864 917 1900 use
943 1849 1034 1900 the
1061 1847 1271 1898 Middle
1300 1846 1447 1912 Style
1474 1854 1529 1897 to
1555 1861 1712 1896 move
1739 1861 1862 1895 men
1887 1852 1942 1895 to
1969 1843 2163 1895 action.

89 1937 229 1989 Illud
262 1953 394 1988 vero
426 1936 569 2002 quod
603 1933 783 2002 agitur
814 1950 1009 2001 genere
1044 1940 1356 1998 temperat0,
1395 1932 1447 1983 id
1485 1939 1578 1993 est,
1616 1938 1675 1982 ut
1710 1928 2015 1994 eloquentia
2051 1929 2165 1993 ipsa

88 2024 328 2083 delectet,
363 2038 471 2073 non
507 2030 586 2073 est
621 2029 841 2086 propter
879 2018 1113 2084 seipsum
1149 2017 1552 2083 usurpandum;
1607 2016 1701 2068 sed
1738 2024 1797 2066 ut
1835 2014 1995 2066 rebus
2030 2029 2166 2079 quae

88 2107 290 2160 utiliter
333 2108 660 2171 honesteque
707 2106 973 2165 dicuntur,
1021 2105 1064 2156 si
1111 2121 1208 2155 nec
1255 2103 1478 2154 docente
1524 2099 1766 2168 indigent
1811 2099 2023 2165 eloquio
2071 2115 2167 2150 nec

88 2202 352 2254 movente,
395 2193 521 2257 quia
564 2201 614 2244 et
658 2192 883 2243 scientes
927 2199 978 2241 et
1024 2189 1270 2241 faventes
1315 2185 1587 2240 auditores
1634 2186 1847 2247 habent,
1893 2185 2170 2250 aliquanto

90 2279 390 2345 promptius
424 2296 490 2329 ex
526 2276 878 2329 delectatione
912 2277 1028 2340 ipsa
1061 2273 1393 2337 elocutionis,
1429 2272 1648 2324 accedat
1681 2272 1764 2323 vel
1801 2268 2040 2323 tenacius
2075 2269 2167 2321 ad-

90 2365 329 2417 herescat
363 2379 628 2415 assensus.
702 2362 841 2413 Nam
877 2379 997 2412 cum
1031 2361 1364 2424 eloquentiae
1397 2360 1462 2410 sit
1497 2357 1799 2409 universale
1830 2355 2080 2416 officium,
2117 2355 2168 2405 in

89 2465 426 2514 quocumque
467 2449 693 2499 istorum
733 2446 895 2496 trium
934 2461 1207 2512 generum,
1250 2442 1425 2495 dicere
1466 2453 1586 2509 apte
1626 2442 1694 2493 ad
1734 2441 2168 2507 persuasionem;

92 2532 212 2586 finis
244 2543 440 2594 autem,
475 2533 527 2584 id
560 2533 702 2596 quod
736 2529 1042 2589 intenderiS,
1078 2529 1402 2595 persuadere
1434 2527 1691 2580 dicendo:
1745 2526 1797 2577 in
1831 2540 2169 2591 quocumque

93 2621 319 2671 istorum
346 2619 508 2669 trium
536 2633 794 2684 generum
820 2617 946 2668 dicit
975 2613 1190 2680 quidem
1219 2614 1473 2678 eloquens
1501 2622 1624 2678 apte
1651 2613 1719 2664 ad
1746 2609 2167 2677 persuasionem,

93 2706 183 2757 sed
219 2706 320 2756 nisi
358 2705 694 2769 persuadeat,
729 2703 795 2754 ad
835 2701 991 2752 finem
1028 2719 1134 2752 non
1172 2701 1413 2765 pervenit
1449 2699 1797 2763 eloquentiae.
1875 2695 2169 2748 Persuadet

94 2799 273 2841 autem
304 2789 355 2839 in
385 2789 650 2840 submisso
680 2804 873 2853 genere
902 2803 1029 2836 vera
1059 2802 1174 2836 esse
1204 2801 1339 2849 quae
1370 2783 1527 2842 dicit;
1559 2781 1846 2848 persuadet
1877 2781 1930 2832 in
1960 2779 2168 2847 grandi,

93 2883 151 2926 ut
184 2882 414 2941 agantur
445 2889 581 2938 quae
615 2871 822 2938 agenda
854 2888 970 2923 esse
1005 2871 1110 2922 iam
1145 2867 1402 2930 sciuntur,
1436 2885 1534 2919 nec
1566 2874 1830 2934 aguntur;
1881 2863 2170 2930 persuadet

92 2958 146 3010 in
185 2975 380 3026 genere
419 2966 731 3023 temperatO,
770 2955 993 3022 pulchre
1028 2965 1323 3019 ornateque
1364 2971 1419 3005 se
1461 2951 1663 3004 dicere:
1724 2967 1830 3016 quo
1872 2949 1976 3002 fine
2015 2949 2169 3001 nobis

93 3044 219 3108 quid
253 3060 387 3108 opus
419 3044 533 3094 est?
601 3043 872 3108 Appetant
906 3057 1027 3093 eum
1061 3040 1149 3104 qui
1184 3041 1364 3106 lingua
1396 3039 1711 3105 gloriantur,
1746 3047 1797 3088 et
1833 3053 1887 3087 se
1923 3036 1975 3086 in
2009 3051 2170 3100 pane-

99 3129 295 3194 gyricis
344 3128 644 3192 talibusque
691 3126 1015 3177 dictionibus
1065 3125 1279 3183 iactant,
1331 3124 1419 3174 ubi
1470 3139 1566 3173 nec
1614 3119 1904 3180 docendus,
1955 3134 2052 3170 nec
2102 3116 2171 3169 ad

98 3211 297 3277 aliquid
322 3212 590 3277 agendum
612 3210 923 3269 movendus,
951 3209 1042 3261 sed
1066 3207 1443 3260 tantummodo
1465 3215 1545 3259 est
1570 3204 1914 3258 delectandus
1939 3202 2169 3255 auditor.

102 3296 217 3349 Nos
249 3313 376 3349 vero
408 3295 569 3347 istum
603 3295 763 3346 finem
795 3294 1097 3346 referamus
1129 3294 1197 3345 ad
1231 3292 1461 3344 alterum
1494 3290 1667 3348 finem,
1703 3298 1762 3341 ut
1795 3286 1995 3340 scilicet
2027 3286 2172 3352 quod

100 3380 305 3434 efficere
337 3382 601 3441 volumus,
635 3397 758 3432 cum
789 3377 1065 3446 granditer
1099 3378 1341 3439 dicimus,
1377 3376 1477 3428 hoc
1511 3376 1671 3427 etiam
1705 3374 1807 3426 isto
1840 3373 2083 3430 velimus,
2120 3371 2173 3423 id

99 3474 196 3527 est,
221 3475 278 3519 ut
302 3466 441 3518 bona
463 3481 676 3516 morum
699 3462 1007 3531 diligantur,
1029 3464 1112 3515 vel
1140 3462 1446 3514 devitentur
1468 3460 1638 3521 mala;
1682 3459 1724 3511 si
1749 3458 1816 3510 ab
1840 3458 1939 3509 hac
1964 3455 2174 3509 actione

101 3567 206 3603 non
256 3552 329 3603 sic
375 3551 530 3603 alieni
583 3559 704 3602 sunt
753 3548 1010 3609 homines,
1060 3557 1118 3598 ut
1163 3547 1229 3599 ad
1278 3563 1395 3597 eam
1443 3544 1632 3613 grandi
1683 3560 1876 3611 genere
1926 3542 2175 3594 dictionis
