2373 4033
623 103 1033 141 ILLUSTRATION
1065 104 1133 140 OF
1163 105 1282 140 THE
1312 105 1486 142 PLAIN
1519 107 1688 143 STYLE
2123 110 2190 161 39

127 257 289 310 dinat.
353 258 605 310 Abrahae
634 259 806 311 dictae
835 268 958 310 sunt
986 260 1366 324 promissiones
1395 269 1447 312 et
1477 262 1664 312 semini
1694 261 1822 313 eius.
1892 263 2016 314 Non
2049 264 2189 325 dicit,

129 352 180 395 θῖ
209 343 514 405 seminibuS,
545 353 799 409 tanquam
830 346 883 394 in
910 345 1107 406 multis,
1140 345 1231 395 sed
1261 354 1515 410 tanquam
1545 347 1598 396 in
1627 364 1749 406 un0,
1782 355 1833 396 et
1865 348 2050 398 semini
2081 358 2190 409 tim,

123 427 270 491 quod
307 436 386 478 θεῖ
427 426 689 478 Christus,
768 427 890 478 Hoc
931 435 1110 478 autem
1149 427 1285 488 dico,
1329 436 1708 480 testamentum
1749 430 2123 480 confirmatum
2162 447 2194 480 a

127 510 259 570 Deo,
296 526 431 574 quae
466 520 586 575 post
621 504 1039 577 quadringentos
1076 520 1126 562 et
1162 511 1380 577 triginta
1415 530 1583 563 annos
1623 513 1768 564 facta
1803 522 1880 565 est
1917 514 2048 576 LeX,
2085 530 2192 565 non

125 595 359 645 infirmat
390 595 458 644 ad
492 594 830 645 evacuandas
862 595 1261 659 promissiones
1335 594 1390 645 Si
1424 597 1565 646 enim
1598 613 1666 646 ex
1701 597 1842 662 Lege
1876 597 2193 658 haereditaS‚

131 679 237 728 iam
291 696 398 728 non
452 696 520 728 ex
575 678 945 743 promissi-one.
1034 679 1286 729 Abrahae
1342 688 1521 729 autem
1575 696 1670 744 per
1727 682 2194 744 repromissionem

127 762 351 813 donavit
388 762 550 812 Deus.
625 762 772 827 Quid
806 779 936 827 ergo
978 762 1126 812 Lex?
1202 763 1670 827 Transgressionis
1709 764 1882 829 gratia
1920 766 2195 830 proposita

131 855 225 907 est,
253 847 420 896 donec
447 846 652 896 veniret
679 862 857 896 semen
885 845 970 896 cui
997 846 1320 910 promissum
1348 856 1442 907 est,
1471 847 1730 911 disposita
1756 863 1851 912 per
1877 848 2114 913 Angelos
2142 849 2195 898 in

125 946 289 980 manu
321 928 649 980 mediatoris
723 929 997 980 Mediator
1030 937 1209 980 autem
1242 929 1401 980 unius
1438 946 1545 980 non
1581 940 1675 990 est,
1713 930 1861 980 Deus
1896 948 2024 981 vero
2060 945 2202 980 unus-

127 1020 223 1064 est.
291 1013 408 1064 Lex
441 1030 569 1079 ergo
599 1013 857 1064 adversus
889 1011 1154 1078 promissa
1187 1013 1324 1064 Dei?
1391 1013 1563 1065 Absit.
1634 1015 1692 1066 Si
1726 1014 1868 1065 enim
1902 1015 2026 1066 data
2059 1023 2197 1066 esset

131 1098 246 1149 Lex
275 1114 410 1162 quae
438 1107 617 1162 posset
645 1096 934 1159 vivificare,
964 1097 1181 1150 omnino
1211 1117 1278 1152 ex
1306 1098 1450 1165 Lege
1481 1108 1619 1150 esset
1648 1098 1871 1164 justitia.
1939 1099 2045 1151 Sed
2076 1117 2198 1151 con-

133 1181 289 1234 clusit
343 1182 622 1247 Scriptura
674 1184 854 1234 omnia
908 1184 1006 1234 sub
1057 1192 1293 1248 peccatO,
1346 1192 1404 1233 ut
1456 1182 1742 1248 promissio
1794 1201 1861 1234 ex
1916 1183 2019 1235 fide
2071 1184 2200 1248 Jesu

134 1266 334 1318 Christi
370 1269 588 1318 daretur
622 1268 975 1320 credentibus.
1020 1268 1166 1333 (Gal.
1203 1269 1304 1329 ΙΙΙ,
1347 1269 1556 1334 15-22).

184 1352 441 1418 Analysis
466 1353 528 1419 of
552 1353 636 1404 tlze
661 1354 830 1405 above
855 1354 909 1404 in
933 1355 1258 1405 accordance
1285 1354 1414 1404 witlz
1443 1354 1528 1405 tlte
1555 1354 1730 1405 Norm
1759 1355 1818 1419 of
1842 1355 2144 1419 Aztyustine

340 1455 385 1489 a.
460 1438 513 1487 A
569 1436 692 1498 will,
750 1456 812 1489 or
867 1445 1153 1489 testament
1206 1438 1363 1490 made
1420 1438 1489 1504 by
1545 1456 1684 1499 man,
1743 1439 1898 1489 when
1955 1438 2206 1504 properly

600 1522 842 1585 attested,
872 1531 1065 1574 cannot
1092 1523 1155 1573 be
1182 1523 1488 1589 abrogated.

469 1606 701 1667 Fratres,
734 1607 1028 1657 secundum
1055 1606 1327 1658 hominem
1355 1605 1488 1670 dico,

472 1700 652 1742 tamen
684 1691 914 1742 hominis
950 1692 1324 1742 confirmatum
1358 1701 1736 1742 testamentum

469 1792 625 1826 nemo
661 1774 874 1827 irritum
911 1775 1057 1837 facit,

469 1868 562 1911 aut
586 1861 977 1925 superordinat.

469 1945 521 1995 A
551 1944 752 1997 section
782 1945 842 1997 of
875 1946 1002 1996 four
1031 1946 1284 1997 membra.

347 2029 395 2081 b.
469 2030 720 2096 J-ehova’s
754 2039 1017 2081 covenant
1048 2030 1178 2080 with
1209 2030 1487 2082 Abraham
1520 2030 1625 2082 and
1657 2031 1740 2081 his
1776 2030 1914 2081 seed.

474 2115 727 2165 Abrahae
757 2115 929 2165 dictae
959 2123 1082 2165 sunt
1109 2115 1492 2179 promissiones
1522 2124 1573 2166 et
1603 2115 1790 2165 semini
1820 2115 1948 2165 eius.

463 2199 588 2249 Non
619 2197 762 2259 dicit,

472 2292 522 2333 et
555 2283 859 2344 seminibUS‚

473 2375 731 2431 tanquam
756 2366 808 2418 in
833 2368 1030 2427 multiS,

473 2452 564 2503 sed
600 2459 857 2516 tanquam
894 2453 946 2503 in
983 2468 1107 2514 un0,

476 2546 526 2587 et
561 2538 748 2587 semini
783 2546 891 2598 tuo,

475 2621 618 2686 quod
649 2629 728 2672 est
758 2621 1021 2673 Christus,

467 2704 521 2754 A
550 2705 738 2770 period
770 2705 828 2755 of
858 2722 959 2756 one
988 2705 1288 2755 membrum
1320 2704 1425 2756 and
1458 2704 1541 2755 six
1575 2722 1743 2754 caesa.

346 2804 390 2838 c.
463 2788 516 2838 A
550 2796 836 2838 testament
874 2788 1082 2839 ratified
1117 2789 1175 2839 of
1214 2787 1332 2839 God
1366 2803 1470 2853 430
1503 2804 1659 2853 years
1695 2787 2017 2852 previously,

543 2872 631 2922 the
656 2872 758 2922 law
785 2873 843 2923 of
870 2872 1054 2923 Moses
1081 2881 1277 2923 cannot
1302 2872 1480 2922 annul.

471 2955 592 3006 Hoc
622 2964 800 3006 autem
831 2953 966 3016 dico,

468 3047 847 3092 testamentum
873 3040 1248 3091 confirmatum
1272 3058 1302 3091 a
1328 3039 1459 3100 De0,

473 3143 608 3190 quae
636 3135 756 3190 post
788 3125 1206 3191 quadringentos
1238 3134 1287 3176 et
1318 3124 1536 3190 triginta
1566 3142 1734 3176 annos

472 3209 618 3261 facta
649 3217 728 3260 est
759 3209 891 3271 Lex,

466 3311 574 3344 non
607 3293 840 3345 infirmat
870 3293 941 3345 ad
973 3293 1308 3345 evacuandas
1340 3293 1738 3359 promissiones,

469 3377 522 3427 A
549 3377 736 3443 period
764 3377 828 3429 of
861 3377 989 3430 four
1017 3378 1271 3430 membra.

346 3460 396 3512 d.
472 3461 812 3513 Inheritance
840 3463 909 3528 by
937 3463 1187 3528 promise.
